<?xml version="1.0" encoding="UTF-8"?>
<!DOCTYPE html PUBLIC "-//W3C//DTD XHTML 1.0 Transitional//EN"
    "http://www.w3.org/TR/xhtml1/DTD/xhtml1-transitional.dtd">
<html xmlns="http://www.w3.org/1999/xhtml" xml:lang="en" lang="en">
 <head>
  <title>
</title>
<meta http-equiv="Content-Type" content="text/html;charset=utf-8" />
  <meta name='ocr-system' content='tesseract 3.04.00' />
  <meta name='ocr-capabilities' content='ocr_page ocr_carea ocr_par ocr_line ocrx_word'/>
</head>
<body>
  <div class='ocr_page' id='page_1' title='image "./defideetauctori00andrgoog_0036.png"; bbox 0 0 2842 4920; ppageno 0'>
   <div class='ocr_carea' id='block_1_1' title="bbox 694 353 735 412">
    <p class='ocr_par' dir='ltr' id='par_1_1' title="bbox 694 353 735 412">
     <span class='ocr_line' id='line_1_1' title="bbox 694 353 735 412; baseline 0.024 -1"><span class='ocrx_word' id='word_1_1' title='bbox 694 353 735 412; x_wconf 74' lang='lat'>23</span> 
     </span>
    </p>
   </div>
   <div class='ocr_carea' id='block_1_2' title="bbox 175 561 1247 2017">
    <p class='ocr_par' dir='ltr' id='par_1_2' title="bbox 178 561 1247 1270">
     <span class='ocr_line' id='line_1_2' title="bbox 181 561 1245 648; baseline 0.003 -24"><span class='ocrx_word' id='word_1_2' title='bbox 181 561 255 624; x_wconf 84' lang='lat' dir='ltr'>falsa</span> <span class='ocrx_word' id='word_1_3' title='bbox 288 565 396 625; x_wconf 84' lang='lat' dir='ltr'>referre</span> <span class='ocrx_word' id='word_1_4' title='bbox 418 561 550 626; x_wconf 88' lang='lat' dir='ltr'>vidisset.</span> <span class='ocrx_word' id='word_1_5' title='bbox 584 563 741 626; x_wconf 87' lang='lat' dir='ltr'>Praeterea</span> <span class='ocrx_word' id='word_1_6' title='bbox 764 561 900 648; x_wconf 84' lang='lat' dir='ltr'>Vollejus</span> <span class='ocrx_word' id='word_1_7' title='bbox 923 562 1039 626; x_wconf 89' lang='lat' dir='ltr'>nullius</span> <span class='ocrx_word' id='word_1_8' title='bbox 1062 563 1245 628; x_wconf 84' lang='lat' dir='ltr'>adulationis</span> 
     </span>
     <span class='ocr_line' id='line_1_3' title="bbox 180 685 1247 774; baseline 0.002 -24"><span class='ocrx_word' id='word_1_9' title='bbox 180 685 239 750; x_wconf 91' lang='lat' dir='ltr'>sibi</span> <span class='ocrx_word' id='word_1_10' title='bbox 261 687 396 750; x_wconf 86' lang='lat' dir='ltr'>conscius</span> <span class='ocrx_word' id='word_1_11' title='bbox 420 692 500 765; x_wconf 84' lang='lat' dir='ltr'>erat,</span> <span class='ocrx_word' id='word_1_12' title='bbox 531 685 645 770; x_wconf 81' lang='lat' dir='ltr'>alioqui</span> <span class='ocrx_word' id='word_1_13' title='bbox 667 709 728 750; x_wconf 92' lang='lat' dir='ltr'>non</span> <span class='ocrx_word' id='word_1_14' title='bbox 751 687 935 773; x_wconf 78' lang='lat' dir='ltr'>scripsisset:</span> <span class='ocrx_word' id='word_1_15' title='bbox 966 711 1100 774; x_wconf 55' lang='lat' dir='ltr'>asemper</span> <span class='ocrx_word' id='word_1_16' title='bbox 1122 710 1247 772; x_wconf 87' lang='lat' dir='ltr'>magnae</span> 
     </span>
     <span class='ocr_line' id='line_1_4' title="bbox 180 809 1245 898; baseline -0.002 -22"><span class='ocrx_word' id='word_1_17' title='bbox 180 815 318 876; x_wconf 81' lang='lat' dir='ltr'>fortunae</span> <span class='ocrx_word' id='word_1_18' title='bbox 333 833 431 874; x_wconf 88' lang='lat' dir='ltr'>comes</span> <span class='ocrx_word' id='word_1_19' title='bbox 448 817 493 874; x_wconf 87' lang='lat' dir='ltr'>est</span> <span class='ocrx_word' id='word_1_20' title='bbox 515 809 669 874; x_wconf 85' lang='lat' dir='ltr'>adulati0&#39;’</span> <span class='ocrx_word' id='word_1_21' title='bbox 678 810 714 898; x_wconf 85' lang='lat'>1).</span> <span class='ocrx_word' id='word_1_22' title='bbox 739 811 796 876; x_wconf 84' lang='lat' dir='ltr'>Sed</span> <span class='ocrx_word' id='word_1_23' title='bbox 817 819 862 876; x_wconf 89' lang='lat' dir='ltr'>est</span> <span class='ocrx_word' id='word_1_24' title='bbox 873 812 987 896; x_wconf 89' lang='lat' dir='ltr'>aliquid</span> <span class='ocrx_word' id='word_1_25' title='bbox 997 812 1077 876; x_wconf 86' lang='lat' dir='ltr'>inter</span> <span class='ocrx_word' id='word_1_26' title='bbox 1088 812 1245 877; x_wconf 87' lang='lat' dir='ltr'>veritatem</span> 
     </span>
     <span class='ocr_line' id='line_1_5' title="bbox 180 934 1245 1022; baseline 0.001 -21"><span class='ocrx_word' id='word_1_27' title='bbox 180 943 209 1001; x_wconf 87' lang='lat' dir='ltr'>et</span> <span class='ocrx_word' id='word_1_28' title='bbox 238 934 459 1020; x_wconf 76' lang='lat' dir='ltr'><strong>adulationem,</strong></span> <span class='ocrx_word' id='word_1_29' title='bbox 494 959 653 1022; x_wconf 91' lang='lat' dir='ltr'>possumus</span> <span class='ocrx_word' id='word_1_30' title='bbox 684 937 765 1000; x_wconf 90' lang='lat' dir='ltr'>enim</span> <span class='ocrx_word' id='word_1_31' title='bbox 787 937 888 1002; x_wconf 90' lang='lat' dir='ltr'>omnia</span> <span class='ocrx_word' id='word_1_32' title='bbox 921 960 958 1000; x_wconf 83' lang='lat' dir='ltr'>ex</span> <span class='ocrx_word' id='word_1_33' title='bbox 981 960 1051 1001; x_wconf 88' lang='lat' dir='ltr'>vero</span> <span class='ocrx_word' id='word_1_34' title='bbox 1075 937 1245 1003; x_wconf 88' lang='lat' dir='ltr'>diceresed</span> 
     </span>
     <span class='ocr_line' id='line_1_6' title="bbox 179 1060 1244 1147; baseline 0.005 -24"><span class='ocrx_word' id='word_1_35' title='bbox 179 1062 266 1146; x_wconf 90' lang='lat' dir='ltr'>plura</span> <span class='ocrx_word' id='word_1_36' title='bbox 288 1061 412 1124; x_wconf 87' lang='lat' dir='ltr'>reticere</span> <span class='ocrx_word' id='word_1_37' title='bbox 434 1067 465 1124; x_wconf 87' lang='lat' dir='ltr'>et</span> <span class='ocrx_word' id='word_1_38' title='bbox 487 1060 513 1123; x_wconf 93' lang='lat' dir='ltr'>si</span> <span class='ocrx_word' id='word_1_39' title='bbox 535 1084 553 1123; x_wconf 90' lang='lat' dir='ltr'>a</span> <span class='ocrx_word' id='word_1_40' title='bbox 575 1083 645 1125; x_wconf 89' lang='lat' dir='ltr'>vero</span> <span class='ocrx_word' id='word_1_41' title='bbox 667 1084 729 1124; x_wconf 93' lang='lat' dir='ltr'>non</span> <span class='ocrx_word' id='word_1_42' title='bbox 752 1061 954 1141; x_wconf 86' lang='lat' dir='ltr'>deflectimus,</span> <span class='ocrx_word' id='word_1_43' title='bbox 977 1063 1080 1147; x_wconf 83' lang='lat' dir='ltr'>magni</span> <span class='ocrx_word' id='word_1_44' title='bbox 1102 1063 1244 1143; x_wconf 86' lang='lat' dir='ltr'>interest,</span> 
     </span>
     <span class='ocr_line' id='line_1_7' title="bbox 178 1184 963 1270; baseline 0.001 -21"><span class='ocrx_word' id='word_1_45' title='bbox 178 1209 238 1270; x_wconf 92' lang='lat' dir='ltr'>qua</span> <span class='ocrx_word' id='word_1_46' title='bbox 260 1186 376 1250; x_wconf 90' lang='lat' dir='ltr'>ratione</span> <span class='ocrx_word' id='word_1_47' title='bbox 398 1193 429 1250; x_wconf 89' lang='lat' dir='ltr'>et</span> <span class='ocrx_word' id='word_1_48' title='bbox 450 1185 562 1270; x_wconf 90' lang='lat' dir='ltr'>quibus</span> <span class='ocrx_word' id='word_1_49' title='bbox 584 1184 683 1250; x_wconf 86' lang='lat' dir='ltr'>verbis</span> <span class='ocrx_word' id='word_1_50' title='bbox 705 1208 775 1250; x_wconf 89' lang='lat' dir='ltr'>vera</span> <span class='ocrx_word' id='word_1_51' title='bbox 796 1193 963 1251; x_wconf 78' lang='lat' dir='ltr'>narrentur.</span> 
     </span>
    </p>

    <p class='ocr_par' dir='ltr' id='par_1_3' title="bbox 175 1307 1243 2017">
     <span class='ocr_line' id='line_1_8' title="bbox 221 1307 1242 1396; baseline 0.003 -23"><span class='ocrx_word' id='word_1_52' title='bbox 221 1310 271 1374; x_wconf 82' lang='lat' dir='ltr'>nd</span> <span class='ocrx_word' id='word_1_53' title='bbox 304 1309 436 1374; x_wconf 86' lang='lat' dir='ltr'>indolem</span> <span class='ocrx_word' id='word_1_54' title='bbox 465 1309 577 1395; x_wconf 86' lang='lat' dir='ltr'>Velleji</span> <span class='ocrx_word' id='word_1_55' title='bbox 599 1333 728 1396; x_wconf 84' lang='lat' dir='ltr'>pergam.</span> <span class='ocrx_word' id='word_1_56' title='bbox 755 1310 842 1375; x_wconf 88' lang='lat' dir='ltr'>Licet</span> <span class='ocrx_word' id='word_1_57' title='bbox 864 1311 961 1376; x_wconf 90' lang='lat' dir='ltr'>bonus</span> <span class='ocrx_word' id='word_1_58' title='bbox 984 1312 1071 1375; x_wconf 89' lang='lat' dir='ltr'>miles</span> <span class='ocrx_word' id='word_1_59' title='bbox 1095 1307 1188 1376; x_wconf 80' lang='lat' dir='ltr'>fuerit</span> <span class='ocrx_word' id='word_1_60' title='bbox 1212 1320 1242 1377; x_wconf 89' lang='lat' dir='ltr'>et</span> 
     </span>
     <span class='ocr_line' id='line_1_9' title="bbox 176 1434 1240 1522; baseline 0.003 -24"><span class='ocrx_word' id='word_1_61' title='bbox 176 1434 287 1520; x_wconf 89' lang='lat' dir='ltr'>probus</span> <span class='ocrx_word' id='word_1_62' title='bbox 309 1435 400 1498; x_wconf 92' lang='lat' dir='ltr'>homo</span> <span class='ocrx_word' id='word_1_63' title='bbox 408 1485 418 1515; x_wconf 90' lang='lat'><em>,</em></span> <span class='ocrx_word' id='word_1_64' title='bbox 441 1435 474 1499; x_wconf 94' lang='lat' dir='ltr'>in</span> <span class='ocrx_word' id='word_1_65' title='bbox 495 1435 621 1499; x_wconf 90' lang='lat' dir='ltr'>historia</span> <span class='ocrx_word' id='word_1_66' title='bbox 632 1435 787 1500; x_wconf 89' lang='lat' dir='ltr'>scribenda</span> <span class='ocrx_word' id='word_1_67' title='bbox 800 1458 871 1499; x_wconf 87' lang='lat' dir='ltr'>oum</span> <span class='ocrx_word' id='word_1_68' title='bbox 883 1434 1022 1500; x_wconf 88' lang='lat' dir='ltr'>admirari</span> <span class='ocrx_word' id='word_1_69' title='bbox 1035 1458 1096 1500; x_wconf 92' lang='lat' dir='ltr'>non</span> <span class='ocrx_word' id='word_1_70' title='bbox 1106 1459 1240 1522; x_wconf 88' lang='lat' dir='ltr'>possum.</span> 
     </span>
     <span class='ocr_line' id='line_1_10' title="bbox 178 1559 1243 1649; baseline 0.002 -27"><span class='ocrx_word' id='word_1_71' title='bbox 178 1559 272 1624; x_wconf 83' lang='lat' dir='ltr'>Stilus</span> <span class='ocrx_word' id='word_1_72' title='bbox 295 1560 377 1645; x_wconf 89' lang='lat' dir='ltr'>ejus,</span> <span class='ocrx_word' id='word_1_73' title='bbox 408 1559 584 1625; x_wconf 85' lang='lat' dir='ltr'>calamistris</span> <span class='ocrx_word' id='word_1_74' title='bbox 607 1567 729 1624; x_wconf 86' lang='lat' dir='ltr'>ornatus</span> <span class='ocrx_word' id='word_1_75' title='bbox 753 1568 784 1625; x_wconf 88' lang='lat' dir='ltr'>et</span> <span class='ocrx_word' id='word_1_76' title='bbox 806 1583 892 1645; x_wconf 88' lang='lat' dir='ltr'>saepe</span> <span class='ocrx_word' id='word_1_77' title='bbox 914 1561 1071 1625; x_wconf 83' lang='lat' dir='ltr'>cothurnis</span> <span class='ocrx_word' id='word_1_78' title='bbox 1092 1561 1243 1649; x_wconf 77' lang='lat' dir='ltr'>incedens,</span> 
     </span>
     <span class='ocr_line' id='line_1_11' title="bbox 177 1684 1242 1772; baseline 0.002 -24"><span class='ocrx_word' id='word_1_79' title='bbox 177 1707 405 1768; x_wconf 87' lang='lat' dir='ltr'>nonnumquam</span> <span class='ocrx_word' id='word_1_80' title='bbox 427 1707 569 1748; x_wconf 88' lang='lat' dir='ltr'>nauseam</span> <span class='ocrx_word' id='word_1_81' title='bbox 592 1691 623 1748; x_wconf 92' lang='lat' dir='ltr'>et</span> <span class='ocrx_word' id='word_1_82' title='bbox 644 1684 780 1749; x_wconf 90' lang='lat' dir='ltr'>taedium</span> <span class='ocrx_word' id='word_1_83' title='bbox 791 1692 900 1750; x_wconf 85' lang='lat' dir='ltr'>movet.</span> <span class='ocrx_word' id='word_1_84' title='bbox 915 1685 1017 1750; x_wconf 89' lang='lat' dir='ltr'>Habet</span> <span class='ocrx_word' id='word_1_85' title='bbox 1029 1686 1085 1750; x_wconf 89' lang='lat' dir='ltr'>hoc</span> <span class='ocrx_word' id='word_1_86' title='bbox 1095 1685 1242 1772; x_wconf 87' lang='lat' dir='ltr'>Vellejus,</span> 
     </span>
     <span class='ocr_line' id='line_1_12' title="bbox 177 1807 1242 1896; baseline 0.001 -22"><span class='ocrx_word' id='word_1_87' title='bbox 177 1817 213 1874; x_wconf 89' lang='lat' dir='ltr'>ut</span> <span class='ocrx_word' id='word_1_88' title='bbox 235 1817 315 1875; x_wconf 85' lang='lat' dir='ltr'>amet</span> <span class='ocrx_word' id='word_1_89' title='bbox 340 1816 495 1892; x_wconf 88' lang='lat' dir='ltr'>tamquam</span> <span class='ocrx_word' id='word_1_90' title='bbox 517 1807 648 1872; x_wconf 81' lang='lat' dir='ltr'>officiosa</span> <span class='ocrx_word' id='word_1_91' title='bbox 670 1809 800 1893; x_wconf 90' lang='lat' dir='ltr'>quadam</span> <span class='ocrx_word' id='word_1_92' title='bbox 822 1808 970 1874; x_wconf 85' lang='lat' dir='ltr'>blanditia</span> <span class='ocrx_word' id='word_1_93' title='bbox 992 1809 1091 1875; x_wconf 89' lang='lat' dir='ltr'>verbis</span> <span class='ocrx_word' id='word_1_94' title='bbox 1113 1812 1242 1896; x_wconf 84' lang='lat' dir='ltr'>exquisi-</span> 
     </span>
     <span class='ocr_line' id='line_1_13' title="bbox 175 1932 1240 2017; baseline -0.001 -16"><span class='ocrx_word' id='word_1_95' title='bbox 175 1935 301 2001; x_wconf 89' lang='lat' dir='ltr'>tissimis</span> <span class='ocrx_word' id='word_1_96' title='bbox 323 1934 443 1999; x_wconf 85' lang='lat' dir='ltr'>laudem</span> <span class='ocrx_word' id='word_1_97' title='bbox 465 1932 606 1998; x_wconf 90' lang='lat' dir='ltr'>tribuere.</span> <span class='ocrx_word' id='word_1_98' title='bbox 632 1933 664 1997; x_wconf 85' lang='lat' dir='ltr'>Si</span> <span class='ocrx_word' id='word_1_99' title='bbox 686 1956 776 2017; x_wconf 88' lang='lat' dir='ltr'>quem</span> <span class='ocrx_word' id='word_1_100' title='bbox 796 1934 946 2013; x_wconf 88' lang='lat' dir='ltr'>nominat,</span> <span class='ocrx_word' id='word_1_101' title='bbox 970 1936 1152 1999; x_wconf 88' lang='lat' dir='ltr'>occasionem</span> <span class='ocrx_word' id='word_1_102' title='bbox 1173 1959 1240 2000; x_wconf 87' lang='lat' dir='ltr'>enm</span> 
     </span>
    </p>
   </div>
   <div class='ocr_carea' id='block_1_3' title="bbox 177 2057 1239 2142">
    <p class='ocr_par' dir='ltr' id='par_1_4' title="bbox 177 2057 1239 2142">
     <span class='ocr_line' id='line_1_14' title="bbox 177 2057 1239 2142; baseline 0 -18"><span class='ocrx_word' id='word_1_103' title='bbox 177 2059 341 2124; x_wconf 85' lang='lat' dir='ltr'>extollendi</span> <span class='ocrx_word' id='word_1_104' title='bbox 360 2059 475 2121; x_wconf 88' lang='lat' dir='ltr'>nullam</span> <span class='ocrx_word' id='word_1_105' title='bbox 488 2058 710 2142; x_wconf 87' lang='lat' dir='ltr'>praetermittit.</span> <span class='ocrx_word' id='word_1_106' title='bbox 736 2057 781 2122; x_wconf 90' lang='lat' dir='ltr'>Ut</span> <span class='ocrx_word' id='word_1_107' title='bbox 791 2065 905 2122; x_wconf 82' lang='lat' dir='ltr'>taceam</span> <span class='ocrx_word' id='word_1_108' title='bbox 917 2058 953 2122; x_wconf 90' lang='lat' dir='ltr'>de</span> <span class='ocrx_word' id='word_1_109' title='bbox 964 2059 1139 2124; x_wconf 90' lang='lat' dir='ltr'>hominibus</span> <span class='ocrx_word' id='word_1_110' title='bbox 1151 2061 1239 2135; x_wconf 89' lang='lat' dir='ltr'>notis,</span> 
     </span>
    </p>
   </div>
   <div class='ocr_carea' id='block_1_4' title="bbox 177 2181 1240 2274">
    <p class='ocr_par' dir='ltr' id='par_1_5' title="bbox 177 2181 1240 2274">
     <span class='ocr_line' id='line_1_15' title="bbox 177 2181 1240 2274; baseline -0.002 -26"><span class='ocrx_word' id='word_1_111' title='bbox 177 2184 300 2248; x_wconf 87' lang='lat' dir='ltr'>eximias</span> <span class='ocrx_word' id='word_1_112' title='bbox 333 2181 437 2247; x_wconf 89' lang='lat' dir='ltr'>laudes</span> <span class='ocrx_word' id='word_1_113' title='bbox 469 2181 578 2274; x_wconf 82' lang='lat' dir='ltr'>tribuit</span> <span class='ocrx_word' id='word_1_114' title='bbox 615 2181 778 2245; x_wconf 79' lang='lat' dir='ltr'>Censorino</span> <span class='ocrx_word' id='word_1_115' title='bbox 802 2181 847 2268; x_wconf 70' lang='grc'>2),</span> <span class='ocrx_word' id='word_1_116' title='bbox 877 2181 980 2246; x_wconf 85' lang='lat' dir='ltr'>Sentio</span> <span class='ocrx_word' id='word_1_117' title='bbox 1013 2182 1177 2249; x_wconf 87' lang='lat' dir='ltr'>Saturnino</span> <span class='ocrx_word' id='word_1_118' title='bbox 1197 2186 1240 2261; x_wconf 79' lang='lat'>⁸),</span> 
     </span>
    </p>
   </div>
   <div class='ocr_carea' id='block_1_5' title="bbox 172 2304 1241 3013">
    <p class='ocr_par' dir='ltr' id='par_1_6' title="bbox 172 2304 1241 3013">
     <span class='ocr_line' id='line_1_16' title="bbox 176 2304 1241 2394; baseline -0.002 -22"><span class='ocrx_word' id='word_1_119' title='bbox 176 2308 291 2394; x_wconf 90' lang='lat' dir='ltr'>Lepido</span> <span class='ocrx_word' id='word_1_120' title='bbox 303 2310 339 2386; x_wconf 78' lang='grc'>4),</span> <span class='ocrx_word' id='word_1_121' title='bbox 362 2307 454 2371; x_wconf 85' lang='lat' dir='ltr'>Cosso</span> <span class='ocrx_word' id='word_1_122' title='bbox 479 2314 509 2371; x_wconf 86' lang='lat' dir='ltr'>et</span> <span class='ocrx_word' id='word_1_123' title='bbox 532 2304 738 2393; x_wconf 89' lang='lat' dir='ltr'>compluribus</span> <span class='ocrx_word' id='word_1_124' title='bbox 760 2305 827 2369; x_wconf 89' lang='lat' dir='ltr'>aliis</span> <span class='ocrx_word' id='word_1_125' title='bbox 840 2305 877 2393; x_wconf 82' lang='lat'>⁵),</span> <span class='ocrx_word' id='word_1_126' title='bbox 900 2306 1067 2392; x_wconf 91' lang='lat' dir='ltr'>Pomponio</span> <span class='ocrx_word' id='word_1_127' title='bbox 1080 2307 1106 2394; x_wconf 75' lang='grc'>6)</span> <span class='ocrx_word' id='word_1_128' title='bbox 1119 2307 1241 2392; x_wconf 86' lang='lat' dir='ltr'>ctquod</span> 
     </span>
     <span class='ocr_line' id='line_1_17' title="bbox 175 2431 1241 2518; baseline -0.002 -20"><span class='ocrx_word' id='word_1_129' title='bbox 175 2435 285 2498; x_wconf 89' lang='lat' dir='ltr'>mirum</span> <span class='ocrx_word' id='word_1_130' title='bbox 308 2441 370 2513; x_wconf 88' lang='lat' dir='ltr'>est,</span> <span class='ocrx_word' id='word_1_131' title='bbox 394 2434 441 2499; x_wconf 85' lang='lat' dir='ltr'>vel</span> <span class='ocrx_word' id='word_1_132' title='bbox 467 2433 547 2497; x_wconf 89' lang='lat' dir='ltr'>hosti</span> <span class='ocrx_word' id='word_1_133' title='bbox 564 2431 751 2496; x_wconf 90' lang='lat' dir='ltr'>Maroboduo</span> <span class='ocrx_word' id='word_1_134' title='bbox 763 2432 801 2518; x_wconf 82' lang='lat'>⁷).</span> <span class='ocrx_word' id='word_1_135' title='bbox 821 2431 921 2494; x_wconf 93' lang='lat' dir='ltr'>Homo</span> <span class='ocrx_word' id='word_1_136' title='bbox 933 2431 1072 2495; x_wconf 89' lang='lat' dir='ltr'>militaris</span> <span class='ocrx_word' id='word_1_137' title='bbox 1083 2431 1241 2496; x_wconf 89' lang='lat' dir='ltr'>historiam</span> 
     </span>
     <span class='ocr_line' id='line_1_18' title="bbox 175 2555 1240 2641; baseline -0.003 -19"><span class='ocrx_word' id='word_1_138' title='bbox 175 2559 301 2623; x_wconf 89' lang='lat' dir='ltr'>scribere</span> <span class='ocrx_word' id='word_1_139' title='bbox 313 2581 434 2622; x_wconf 84' lang='lat' dir='ltr'>exorsus</span> <span class='ocrx_word' id='word_1_140' title='bbox 448 2564 509 2634; x_wconf 89' lang='lat' dir='ltr'>est,</span> <span class='ocrx_word' id='word_1_141' title='bbox 523 2557 574 2620; x_wconf 89' lang='lat' dir='ltr'>sed</span> <span class='ocrx_word' id='word_1_142' title='bbox 586 2556 658 2621; x_wconf 88' lang='lat' dir='ltr'>hnic</span> <span class='ocrx_word' id='word_1_143' title='bbox 669 2556 714 2620; x_wconf 91' lang='lat' dir='ltr'>rei</span> <span class='ocrx_word' id='word_1_144' title='bbox 724 2557 819 2641; x_wconf 89' lang='lat' dir='ltr'>impar</span> <span class='ocrx_word' id='word_1_145' title='bbox 831 2555 907 2632; x_wconf 84' lang='lat' dir='ltr'>fuit,</span> <span class='ocrx_word' id='word_1_146' title='bbox 920 2562 956 2619; x_wconf 89' lang='lat' dir='ltr'>ut</span> <span class='ocrx_word' id='word_1_147' title='bbox 968 2579 1031 2618; x_wconf 95' lang='lat' dir='ltr'>non</span> <span class='ocrx_word' id='word_1_148' title='bbox 1042 2556 1140 2619; x_wconf 91' lang='lat' dir='ltr'>solum</span> <span class='ocrx_word' id='word_1_149' title='bbox 1152 2556 1240 2620; x_wconf 90' lang='lat' dir='ltr'>stilus</span> 
     </span>
     <span class='ocr_line' id='line_1_19' title="bbox 173 2680 1241 2769; baseline -0.004 -21"><span class='ocrx_word' id='word_1_150' title='bbox 173 2683 312 2769; x_wconf 88' lang='lat' dir='ltr'>turgidus</span> <span class='ocrx_word' id='word_1_151' title='bbox 328 2682 474 2761; x_wconf 88' lang='lat' dir='ltr'>ostendit,</span> <span class='ocrx_word' id='word_1_152' title='bbox 492 2681 543 2747; x_wconf 91' lang='lat' dir='ltr'>scd</span> <span class='ocrx_word' id='word_1_153' title='bbox 564 2682 655 2745; x_wconf 89' lang='lat' dir='ltr'>ctiam</span> <span class='ocrx_word' id='word_1_154' title='bbox 671 2681 839 2766; x_wconf 88' lang='lat' dir='ltr'>complures</span> <span class='ocrx_word' id='word_1_155' title='bbox 854 2703 984 2758; x_wconf 87' lang='lat' dir='ltr'>errores,</span> <span class='ocrx_word' id='word_1_156' title='bbox 1004 2703 1079 2763; x_wconf 91' lang='lat' dir='ltr'>quos</span> <span class='ocrx_word' id='word_1_157' title='bbox 1092 2680 1241 2744; x_wconf 91' lang='lat' dir='ltr'>commisit</span> 
     </span>
     <span class='ocr_line' id='line_1_20' title="bbox 173 2805 1240 2890; baseline -0.003 -19"><span class='ocrx_word' id='word_1_158' title='bbox 173 2808 206 2871; x_wconf 92' lang='lat' dir='ltr'>in</span> <span class='ocrx_word' id='word_1_159' title='bbox 216 2808 254 2871; x_wconf 89' lang='lat' dir='ltr'>iis</span> <span class='ocrx_word' id='word_1_160' title='bbox 265 2805 482 2882; x_wconf 78' lang='lat' dir='ltr'>describendis,</span> <span class='ocrx_word' id='word_1_161' title='bbox 498 2828 574 2889; x_wconf 86' lang='lat' dir='ltr'>quae</span> <span class='ocrx_word' id='word_1_162' title='bbox 586 2811 655 2868; x_wconf 88' lang='lat' dir='ltr'>ante</span> <span class='ocrx_word' id='word_1_163' title='bbox 667 2805 731 2890; x_wconf 89' lang='lat' dir='ltr'>ejus</span> <span class='ocrx_word' id='word_1_164' title='bbox 742 2811 871 2868; x_wconf 88' lang='lat' dir='ltr'>aetatem</span> <span class='ocrx_word' id='word_1_165' title='bbox 883 2811 967 2889; x_wconf 86' lang='lat' dir='ltr'>gesta</span> <span class='ocrx_word' id='word_1_166' title='bbox 978 2811 1058 2868; x_wconf 87' lang='lat' dir='ltr'>sunt.</span> <span class='ocrx_word' id='word_1_167' title='bbox 1085 2805 1123 2869; x_wconf 89' lang='lat' dir='ltr'>Id</span> <span class='ocrx_word' id='word_1_168' title='bbox 1144 2827 1240 2868; x_wconf 90' lang='lat' dir='ltr'>unum</span> 
     </span>
     <span class='ocr_line' id='line_1_21' title="bbox 172 2928 1235 3013; baseline -0.003 -18"><span class='ocrx_word' id='word_1_169' title='bbox 172 2931 393 2995; x_wconf 89' lang='lat' dir='ltr'>admonendum</span> <span class='ocrx_word' id='word_1_170' title='bbox 414 2953 477 2994; x_wconf 88' lang='lat' dir='ltr'>esso</span> <span class='ocrx_word' id='word_1_171' title='bbox 495 2952 618 3008; x_wconf 89' lang='lat' dir='ltr'>censeo,</span> <span class='ocrx_word' id='word_1_172' title='bbox 631 2928 710 3013; x_wconf 93' lang='lat' dir='ltr'>quod</span> <span class='ocrx_word' id='word_1_173' title='bbox 722 2928 932 3011; x_wconf 84' lang='lat' dir='ltr'>gravissimum</span> <span class='ocrx_word' id='word_1_174' title='bbox 943 2935 1001 3005; x_wconf 92' lang='lat' dir='ltr'>est,</span> <span class='ocrx_word' id='word_1_175' title='bbox 1016 2929 1235 2992; x_wconf 91' lang='lat' dir='ltr'>accusationem</span> 
     </span>
    </p>
   </div>
   <div class='ocr_carea' id='block_1_6' title="bbox 173 3052 1237 3140">
    <p class='ocr_par' dir='ltr' id='par_1_7' title="bbox 173 3052 1237 3140">
     <span class='ocr_line' id='line_1_22' title="bbox 173 3052 1237 3140; baseline -0.004 -20"><span class='ocrx_word' id='word_1_176' title='bbox 173 3056 352 3121; x_wconf 85' lang='lat' dir='ltr'>adulationis</span> <span class='ocrx_word' id='word_1_177' title='bbox 387 3055 481 3140; x_wconf 87' lang='lat' dir='ltr'>magis</span> <span class='ocrx_word' id='word_1_178' title='bbox 515 3053 705 3119; x_wconf 85' lang='lat' dir='ltr'>tribuendam</span> <span class='ocrx_word' id='word_1_179' title='bbox 736 3077 800 3117; x_wconf 87' lang='lat' dir='ltr'>esse</span> <span class='ocrx_word' id='word_1_180' title='bbox 829 3053 898 3117; x_wconf 90' lang='lat' dir='ltr'>stilo</span> <span class='ocrx_word' id='word_1_181' title='bbox 921 3052 1039 3116; x_wconf 90' lang='lat' dir='ltr'>tumido</span> <span class='ocrx_word' id='word_1_182' title='bbox 1063 3059 1094 3116; x_wconf 89' lang='lat' dir='ltr'>et</span> <span class='ocrx_word' id='word_1_183' title='bbox 1115 3052 1237 3126; x_wconf 87' lang='lat' dir='ltr'>inflato,</span> 
     </span>
    </p>
   </div>
   <div class='ocr_carea' id='block_1_7' title="bbox 205 3446 421 4122">
    <p class='ocr_par' dir='ltr' id='par_1_8' title="bbox 205 3446 421 4122">
     <span class='ocr_line' id='line_1_23' title="bbox 210 3446 420 3509; baseline -0.005 -12"><span class='ocrx_word' id='word_1_184' title='bbox 210 3446 420 3509; x_wconf 69' lang='lat' dir='ltr'>omnm</span> 
     </span>
     <span class='ocr_line' id='line_1_24' title="bbox 206 3548 420 3612; baseline 0 -13"><span class='ocrx_word' id='word_1_185' title='bbox 206 3548 420 3612; x_wconf 62' lang='lat' dir='ltr'>omnm</span> 
     </span>
     <span class='ocr_line' id='line_1_25' title="bbox 206 3650 421 3711; baseline -0.005 -9"><span class='ocrx_word' id='word_1_186' title='bbox 206 3650 421 3711; x_wconf 63' lang='lat' dir='ltr'>omnm</span> 
     </span>
     <span class='ocr_line' id='line_1_26' title="bbox 206 3752 420 3817; baseline 0.005 -15"><span class='ocrx_word' id='word_1_187' title='bbox 206 3752 420 3817; x_wconf 61' lang='lat' dir='ltr'>omnm</span> 
     </span>
     <span class='ocr_line' id='line_1_27' title="bbox 206 3854 420 3917; baseline -0.009 -11"><span class='ocrx_word' id='word_1_188' title='bbox 206 3854 420 3917; x_wconf 62' lang='lat' dir='ltr'>omnm</span> 
     </span>
     <span class='ocr_line' id='line_1_28' title="bbox 205 3956 420 4019; baseline -0.005 -11"><span class='ocrx_word' id='word_1_189' title='bbox 205 3956 420 4019; x_wconf 65' lang='lat' dir='ltr'>omnm</span> 
     </span>
     <span class='ocr_line' id='line_1_29' title="bbox 206 4058 419 4122; baseline 0.009 -12"><span class='ocrx_word' id='word_1_190' title='bbox 206 4058 419 4122; x_wconf 65' lang='lat' dir='ltr'>omnm</span> 
     </span>
    </p>
   </div>
   <div class='ocr_carea' id='block_1_8' title="bbox 0 0 1426 4920">
    <p class='ocr_par' dir='ltr' id='par_1_9' title="bbox 0 0 1426 4920">
     <span class='ocr_line' id='line_1_30' title="bbox 0 0 1426 4920; baseline 0 2"><span class='ocrx_word' id='word_1_191' title='bbox 0 0 1426 4920; x_wconf 95' lang='lat' dir='ltr'> </span> 
     </span>
    </p>
   </div>
  </div>
 </body>
</html>
