2842 4920
689 362 729 421 42

178 571 417 651 dissimulabat”,
440 597 515 658 quae
538 572 629 638 verba
650 573 804 638 liberium
826 572 912 638 uobis
932 573 962 637 in
985 580 1244 639 mentemvocant.

222 697 295 782 Cap.
319 702 361 760 44
385 702 443 778 45,
467 698 520 763 ubi
543 698 580 762 de
603 697 743 762 extremis
767 698 951 784 temporibus
975 697 1145 762 Domitiani
1165 698 1244 782 agit,

177 821 357 887 rhetoricam
391 822 622 908 descriptionem
655 829 875 908 postremorum
911 845 1060 886 annorum
1077 821 1190 886 'liberii
1212 822 1245 885 in

179 947 354 1012 memoriam
376 955 506 1012 revocat.

222 1070 360 1135 Suetonii
395 1072 485 1137 verba
509 1074 532 1156 1)
571 1095 757 1157 enumquam
781 1073 944 1137 tristiorem
968 1071 1147 1137 senteutiam
1180 1072 1245 1136 sine

176 1197 358 1280 praefatione
400 1197 575 1262 elementiae
607 1198 835 1282 pronuntiavit''
870 1199 959 1284 plane
991 1197 1140 1282 quadrant
1174 1221 1243 1263 cum

176 1320 231 1401 iis,
255 1344 332 1407 quac
364 1321 502 1387 Tiberius
537 1322 639 1387 fecisse
673 1323 820 1402 traditur,
854 1325 885 1387 iu
922 1323 1078 1387 notissima
1100 1322 1243 1407 epistola,

175 1468 235 1530 qua
268 1445 393 1532 Sejanus
416 1446 633 1512 condemnatus
657 1455 703 1512 est
727 1451 763 1533 2).
787 1448 980 1513 Domitianus
1003 1448 1159 1513 nonnullis
1181 1447 1241 1511 vir-

175 1569 293 1634 tutibus
327 1593 465 1657 quoque,
499 1596 573 1657 quas
606 1573 640 1636 in
662 1572 782 1637 Tiberio
804 1573 993 1650 invenimus,
1028 1596 1089 1637 non
1115 1572 1240 1637 carebat.

175 1695 320 1779 Legimus
342 1718 413 1760 eum
432 1696 655 1783 jusdiligenter
667 1697 776 1761 dixisse
788 1696 829 1785 8),
854 1697 1075 1782 provinciarum
1094 1697 1243 1783 praesidas

174 1842 276 1884 severe
298 1821 462 1885 coercuisse
484 1824 527 1900 ⁴),
550 1820 732 1885 hereditates
756 1844 815 1884 non
840 1821 957 1887 adiisse.
972 1821 1003 1912 ⁵)
1034 1822 1241 1886 Domitianum

174 1946 403 2010 commentarios
426 1952 456 2008 et
477 1951 544 2009 acta
566 1944 681 2009 Tiberii
703 1944 851 2009 lectitasse
874 1945 1038 2012 Suetonius
1059 1954 1188 2011 testatur
1199 1949 1243 2024 ⁶),

173 2069 254 2154 ‹puod
284 2070 417 2135 ostendit
438 2070 650 2134 Domitianum
672 2070 827 2135 Tiberium
851 2069 1033 2139 admiratum
1056 2076 1129 2136 esse.
1155 2071 1243 2151 Quae

174 2193 233 2256 Dio
257 2192 360 2257 scribit
384 2194 421 2257 de
446 2193 582 2258 moribus
603 2194 790 2272 Domitiani,
825 2217 930 2258 eorum
953 2194 1107 2279 complura
1130 2195 1242 2259 cadunt

173 2317 205 2381 in
228 2317 459 2402 descriptionem
481 2318 603 2383 Tiberii.
630 2318 744 2397 Verba,
765 2318 876 2402 quibus
894 2319 991 2382 utitur
1004 2318 1036 2382 in
1048 2319 1243 2386 describenda

175 2443 341 2507 Domitiani
365 2443 576 2522 simulatione,
598 2444 687 2507 etiarn
710 2443 743 2506 in
766 2443 966 2528 descriptione
988 2443 1099 2508 Tiberii
1124 2468 1241 2509 morum

175 2567 365 2652 reperiuntur
376 2569 416 2647 ⁷);
436 2576 589 2653 praeterea
607 2568 667 2632 Dio
685 2568 778 2632 tradit
798 2591 867 2631 eum
886 2569 1078 2652 astrologiam
1099 2569 1242 2647 coluisse,

174 2692 256 2774 quod
271 2691 350 2757 idern
368 2692 405 2757 de
419 2692 539 2757 liberio
559 2700 659 2757 narrat
670 2694 704 2765 ⁸).
725 2692 745 2755 J
747 2692 881 2757 uvenalis
897 2693 935 2756 de
945 2693 1121 2757 Domitiano
1132 2693 1195 2777 agit
1209 2693 1242 2757 iu

174 2816 301 2900 pulchra
314 2818 368 2882 illa
378 2818 514 2906 satira9),
522 2817 576 2882 ubi
589 2817 744 2881 notissima
756 2815 847 2880 verba
858 2817 1062 2901 reperiuntur:
1080 2817 1242 2902 uProdigio

174 2964 229 3026 par
257 2949 304 3006 cst
329 2943 361 3006 in
384 2942 544 3007 nobilitate
577 2940 745 3007 senectus.’'
781 2941 849 3004 Hoc
873 2940 975 3004 odium
997 2942 1029 3004 in
1052 2940 1242 3006 nobilitatem

174 3088 343 3151 perversam
365 3069 457 3132 etiam
479 3067 559 3152 apud
579 3066 733 3131 'liberium
755 3064 929 3150 reperimus.
953 3064 1039 3128 Adde
1061 3065 1242 3130 Juvenalem

209 3253 231 3315 ¹)
247 3254 316 3303 Suet.
334 3253 407 3302 Doni.
425 3252 465 3303 11.

207 3355 230 3415 ²)
246 3356 301 3405 Juv.
319 3357 370 3405 Sat.
387 3357 410 3405 X
428 3355 460 3404 75
480 3355 521 3404 91.

208 3460 221 3493 ³
248 3459 317 3509 Suet.
335 3461 408 3509 Dom.
425 3458 453 3517 8,
471 3459 524 3508 Tib.
541 3457 582 3508 33.

208 3564 231 3617 ⁴)
247 3563 316 3612 Suet.
333 3564 408 3613 Doro.
425 3562 454 3623 8,
473 3563 525 3612 Tib.
543 3562 584 3613 3¹3.
601 3563 661 3613 Tar.
679 3565 744 3611 Auri.
763 3563 801 3611 Ill
819 3562 860 3627 37,
878 3564 912 3612 Il'
930 3562 955 3611 6.

208 3667 225 3730 5,
248 3667 316 3715 Suet.
334 3667 407 3715 Duru
424 3666 448 3714 9.
466 3667 524 3716 Tac.
543 3667 608 3715 Ario.
627 3667 653 3714 Π
671 3665 711 3714 18.

207 3769 229 3831 ⁸)
245 3767 315 3817 Soet.
333 3769 405 3817 Dom.
423 3768 465 3818 20.

208 3871 293 3933 ⁷)Dio
310 3871 397 3920 extu
414 3871 430 3920 2
447 3877 473 3921 et
491 3871 554 3920 Lvss
571 3870 596 3921 1.

207 3974 230 4023 ⁸)
247 3975 293 4023 Dio
311 3974 398 4023 vau
415 3972 456 4023 15.

203 4076 227 4135 ⁹)
243 4076 302 4125 Juv.
324 4075 384 4125 Sat.
409 4075 440 4124 iv
456 4074 500 4124 97.
524 4076 561 4125 De
578 4075 680 4125 Tiberio
696 4076 759 4125 Tac.
783 4075 847 4123 driu.
866 4075 899 4124 vl
923 4072 964 4123 10.
