2842 4920
703 371 741 434 70

231 584 278 649 IV
303 586 354 649 31.
378 584 499 648 Tacitus
521 583 646 648 miratur
668 583 1087 660 'liberiumtristioramallc‚
1112 605 1257 667 gnarum,

188 731 264 793 quae
296 711 375 772 furna
408 709 598 773 elementiam
620 714 803 791 sequeretur.
838 708 960 772 Tacitus
982 707 1076 792 igitur
1099 732 1116 772 a
1137 707 1258 772 'liberio

187 832 339 919 postulat,
374 840 408 897 ut
444 834 544 898 omnia
579 834 723 898 maleficia
756 833 921 910 condonet,
957 832 982 895 si
1016 832 1154 897 Tiberius
1184 832 1259 896 haec

188 956 321 1037 fecisset,
340 964 425 1042 gratu
442 957 586 1022 nimirum
606 957 750 1022 memoria
760 957 927 1042 viguisset,
956 957 1007 1020 sed
1019 957 1152 1020 officium
1163 955 1259 1041 pluris

189 1081 275 1158 fecit,
298 1081 379 1166 quod
404 1104 465 1144 non
488 1083 557 1146 cum
582 1082 686 1147 Tacito
709 1083 923 1168 vituperamus.

234 1204 281 1268 IV
301 1208 352 1270 31.
380 1204 536 1281 „Tiberius
548 1207 673 1270 exilium
685 1206 751 1270 Cati
768 1206 873 1270 Firmii
884 1206 1068 1292 deprecatur,
1081 1207 1145 1292 ejus
1156 1206 1261 1292 operae

189 1331 222 1395 in
245 1354 334 1396 causa
356 1331 482 1396 Libonis
506 1355 637 1410 memor,
661 1333 713 1397 sed
733 1332 1031 1420 eliapraetendens'’.
1054 1332 1100 1395 Ea
1111 1330 1260 1395 accusatio

190 1455 302 1521 Tiberii
328 1457 423 1541 igitur
446 1480 527 1524 mera
550 1458 719 1543 suspicione
741 1459 867 1536 nititur,
891 1480 968 1543 quae
989 1465 1092 1522 tamen
1114 1479 1173 1520 non
1198 1456 1261 1520 veri

191 1581 297 1645 similis
320 1589 383 1661 est,
410 1583 481 1667 quia
504 1583 556 1647 alii
578 1581 763 1647 accusatores
786 1581 871 1647 nulla
893 1583 1025 1668 praemia
1046 1586 1224 1666 acceperunt
1237 1580 1260 1659 1)

192 1712 223 1769 et
245 1728 324 1769 unus
337 1705 530 1769 Vescularius
554 1705 679 1770 Flaccus
702 1707 816 1770 occisus
838 1713 884 1770 est
897 1709 929 1784 2).

236 1828 284 1893 IV
309 1833 359 1893 34.
394 1829 566 1893 Cremutius
600 1829 715 1894 Cordus
749 1838 904 1895 accusatus
939 1852 1002 1895 esse
1036 1830 1156 1907 dicitur,
1190 1829 1263 1912 quia

192 1954 289 2018 Bruto
323 1953 444 2018 laudato
478 1954 511 2018 Ο.
547 1954 684 2018 Cassium
719 1952 923 2019 Romanorum
954 1955 1097 2020 ultimum
1128 1953 1260 2018 dixisset.

193 2079 273 2143 Vera
295 2102 383 2143 causa
405 2086 467 2158 est,
498 2078 578 2164 quod
603 2079 743 2165 Sejanum
768 2079 948 2156 offenderat,
974 2100 1069 2163 quum
1101 2084 1260 2163 postquam

193 2203 241 2267 illi
275 2209 374 2267 statua
407 2204 439 2267 in
474 2203 611 2290 Pompeji
633 2205 750 2269 theatro
773 2203 909 2289 ponenda
934 2204 1051 2268 decreta
1073 2208 1169 2282 esset,
1193 2202 1270 2265 vere'

193 2327 348 2391 theatrum
369 2329 467 2413 perire
489 2329 643 2393 clamasset
660 2330 701 2414 ’3)

239 2451 286 2515 IV
298 2456 350 2516 42.
378 2451 493 2515 alloces
506 2452 756 2529 contumeliosae,
777 2452 955 2538 plerumque
968 2474 1052 2518 uerae
1063 2451 1095 2515 in
1109 2450 1263 2515 liberium

192 2576 378 2661 jaciuntur.”
400 2576 521 2641 Tacitus
555 2576 742 2641 obliviscitur
763 2576 916 2642 Tiberium
951 2577 1050 2642 adhuc
1073 2577 1152 2642 bona
1174 2577 1264 2641 aesti-

197 2702 327 2765 matione
349 2701 409 2764 frui
432 2698 467 2787 4).

224 2826 287 2890 'lv
312 2828 362 2890 52.
389 2825 473 2889 Sosia
495 2824 605 2890 afflicta
628 2848 691 2890 esse
714 2825 825 2890 dicitur
835 2825 874 2890 ob
886 2826 1049 2891 amicitiam
1061 2825 1245 2912 Agrippinae
1252 2850 1261 2903 3

195 2957 328 3016 attamen
362 2950 465 3016 Tacito
488 2957 610 3015 auctore
632 2974 693 3015 non
716 2950 807 3015 dubie
831 2951 1064 3037 repetundarum
1088 2949 1264 3015 criminibus

196 3074 337 3140 haerebat
350 3077 386 3160 5),
410 3098 470 3160 quo
492 3075 613 3138 nullum
635 3076 733 3140 scelus
756 3075 903 3141 aliberio
922 3077 1052 3141 severius
1072 3075 1262 3163 puniebatur.

242 3200 289 3264 IV
314 3202 364 3264 57.
404 3200 568 3263 Accusatur
590 3199 727 3264 liberius
753 3200 893 3267 saevitiae
916 3207 946 3264 et
969 3199 1150 3281 libidinum,
1185 3199 1266 3285 quod

197 3323 256 3390 alio
278 3323 343 3387 loco
366 3322 487 3388 'llacitus
511 3330 629 3388 tantum
653 3324 762 3388 ultimo
780 3327 859 3390 vitae
880 3327 943 3411 ejus
964 3326 1092 3412 tempori
1110 3326 1220 3391 tribuit
1228 3328 1264 3412 θ).

235 3484 255 3547 ¹)
272 3484 333 3534 Tae.
356 3483 421 3534 Anu.
439 3483 519 3546 1186,
540 3483 572 3532 lll
590 3483 630 3533 19.

232 3586 255 3650 Ἃ)
273 3587 329 3637 Tac.
348 3587 417 3636 Arm.
440 3586 472 3635 Vl
490 3585 529 3635 lb.

233 3689 255 3754 3)
272 3688 330 3739 Sen.
349 3690 422 3739 Ccns
448 3691 479 3740 ad
503 3692 580 3742 Marc.
597 3691 637 3740 ⁴2⁸2.
656 3692 701 3740 Dio
720 3693 788 3743 LVII
808 3692 848 3741 ul.
867 3693 908 3742 Os.
932 3693 1020 3743 similis
1037 3710 1114 3744 causa
1132 3695 1191 3746 Tac.
1209 3695 1265 3744 Ann

199 3792 231 3843 Vl
248 3790 292 3842 35.

234 3894 256 3957 ⁴)
273 3895 331 3943 Tac.
349 3895 412 3944 Anu.
431 3896 462 3946 IV
479 3896 503 3957 6,
521 3897 553 3945 Vl
570 3895 610 3946 57.

235 3997 257 4058 5)
274 3996 331 4046 Tac.
350 3997 415 4045 Ann.
433 3997 464 4046 lv
483 3995 523 4046 18.

235 4099 257 4162 6)
274 4097 331 4148 Tae.
349 4098 419 4148 Arm.
443 4100 473 4149 Vl
493 4099 533 4149 57.
