2842 4920
659 383 720 444 lau

46 634 52 645 ·
155 599 300 684 imagines
332 597 465 682 Augusti
494 604 525 661 et
558 595 676 660 Claudii
710 595 800 659 etiam
833 593 872 657 in·
888 592 936 656 his
958 591 1077 656 tesseris
1102 595 1223 671 extant,

155 732 223 788 tum
259 745 329 787 vero
363 722 458 806 quod,
492 723 518 784 si
552 720 690 784 'liberius
711 716 760 782 ¹eu
794 719 909 802 flagitia
942 717 1154 793 commisisset,
1190 739 1224 780 ea
1299 732 1302 736 ’

156 850 257 934 potius
281 847 453 911 occultorus
478 848 586 911 fuisset
599 846 634 933 1).

201 972 300 1035 Venio
319 972 357 1036 ad
375 971 481 1036 titulos
501 994 568 1035 aere
588 969 634 1035 vel
656 971 756 1055 lapide
774 991 936 1055 expressos
950 967 1079 1032 Initium
1090 967 1225 1031 faoiama

158 1098 275 1162 duobus
284 1096 534 1182 inscriptionibus
545 1105 642 1181 nuper
653 1094 784 1180 repertis.
800 1095 914 1173 Altera,
930 1091 1022 1179 Cypri
1033 1092 1166 1170 inventa,
1179 1114 1225 1155 re·

157 1246 209 1307 per·
211 1231 299 1307 ta,g
211 1223 326 1285 ttaoi
338 1223 374 1285 de
387 1221 450 1285 cult
437 1229 470 1285 tu
484 1222 517 1284 in
528 1220 672 1284 honorem
685 1219 797 1284 Tiberii
805 1220 867 1283 ins
868 1220 947 1283 ituto
955 1217 992 1304 2)
1001 1215 1094 1282 altera
1101 1217 1226 1302 Mylasis

158 1356 228 1410 oont
229 1348 293 1411 inet
279 1347 417 1411 tverba:
443 1345 560 1426 ,ΙΤιβέρ
564 1369 601 1408 ιον
621 1345 669 1409 τὸν
688 1346 793 1408 ἑαυτοῦ
813 1345 876 1424 alep
877 1343 1035 1426 Νέων)
1049 1343 1175 1427 Pergam
1189 1342 1225 1406 ad

158 1472 196 1535 tit
183 1472 293 1534 utlos
282 1494 344 1556 Jam
357 1471 476 1534 diut
422 1477 476 1534 not
477 1494 518 1534 os
525 1470 571 1534 Iu
583 1468 763 1533 Kalendorio
775 1469 848 1533 Ant'
825 1468 946 1533 tretium
958 1468 1128 1533 invenimus
1139 1467 1227 1532 Tibe·

158 1595 237 1658 rium
256 1618 357 1659 menso
368 1593 536 1659 Novembri
547 1601 652 1657 natum
664 1617 727 1657 esse
736 1596 759 1677 4)
769 1620 778 1673 3
792 1594 824 1657 in
835 1594 1017 1657 Kalendario
1029 1592 1225 1656 Praenestino

159 1743 227 1784 eum
249 1743 349 1784 mense
367 1720 464 1804 Aprili
475 1727 576 1805 togam
589 1719 706 1783 virilem
719 1718 895 1804 sumpsisse,
907 1725 937 1782 et
948 1718 980 1781 in
993 1718 1114 1803 Illyrico
1127 1740 1228 1807 mense

160 1848 299 1931 Augusto
323 1846 478 1910 victoriam
500 1852 664 1930 reportasse
677 1846 717 1929 1);
741 1869 778 1909 ox
801 1845 906 1908 eodem
929 1843 1129 1928 comperimus
1156 1865 1225 1906 eum

159 1973 332 2057 pontificem
356 1971 519 2034 maximum
543 1973 656 2034 tactum
680 1965 744 2034 esst
763 1993 864 2034 meuse
875 1970 987 2033 Martio
999 1972 1033 2052 ⁶).
1049 1968 1096 2031 Do
1108 1966 1225 2031 Libone

159 2097 222 2181 agit
255 2096 472 2159 Kalendarium
507 2095 672 2171 Amiterni,
701 2095 738 2158 de
769 2096 877 2180 Sejano
899 2093 1012 2157 ibidem
1036 2093 1109 2156 haec
1132 2091 1222 2156 verba

159 2220 376 2286 inveniuntur:
416 2219 555 2295 „sublato
586 2219 672 2283 hoste
704 2218 832 2304 Sejano''
865 2221 898 2303 7).
932 2219 1025 2282 Extat
1056 2218 1149 2302 lapis,
1173 2216 1225 2300 qui

159 2346 290 2410 ostendit
320 2346 368 2409 die
396 2346 487 2409 natali
518 2344 629 2408 'liberii
654 2344 828 2408 duumviros
852 2344 1022 2408 Florentiae
1051 2341 1229 2407 sacrificium

159 2470 326 2533 instituisso
349 2470 437 2553 genio
462 2470 593 2554 Augusti
619 2477 650 2533 et
672 2469 784 2534 'llbarii
798 2472 832 2554 ⁸).
858 2470 951 2554 Saepe
970 2467 1108 2532 'liberius
1125 2466 1228 2529 lauda-

161 2602 220 2675 tur,
246 2618 273 2660 v.
287 2617 312 2659 o.
341 2593 553 2657 uProvidentia
572 2593 608 2656 'A‘
633 2593 771 2657 Caesaris
794 2594 858 2657 nati
880 2593 916 2657 ad
940 2582 1180 2672 aeternitatem’',
1197 2591 1230 2653 in

161 2718 234 2782 aede
254 2717 451 2788 Concordiae:
474 2740 548 2802 apro
561 2717 657 2781 saluto
678 2717 783 2802 optimi
802 2741 836 2782 ao
845 2717 1003 2803 justissimi
1013 2714 1159 2803 principis
1171 2716 1229 2799 9)”,

162 2843 319 2928 uprinoeps
338 2849 369 2905 et
392 2849 579 2905 conservator
593 2841 666 2928 ¹⁰)”.
693 2842 827 2905 Marmor
851 2849 951 2918 extat,
975 2843 1024 2905 oui
1048 2839 1229 2924 inscriptum

163 2974 227 3028 est:
267 2965 364 3040 ''Ossa
397 2965 463 3031 Tib.
503 2964 636 3029 Caesaris
660 2963 731 3027 Divi
754 2964 834 3048 Aug.
859 2963 893 3027 F.
919 2963 998 3048 Aug.
1025 2963 1113 3027 Pont.
1146 2963 1226 3027 Max.

165 3126 319 3135 ——--—--

196 3197 216 3259 1)
234 3195 320 3244 Cohon
338 3195 400 3243 libro
419 3194 519 3242 laudato
538 3194 836 3256 praesumuntur.

196 3297 218 3360 ⁹)
236 3297 379 3360 Philologus
397 3294 469 3344 1866

196 3400 217 3462 ³)
235 3399 341 3448 Bulletin
359 3398 390 3447 de
409 3398 631 3461 Correspoudauce
649 3397 794 3461 Hellenique
812 3398 870 3447 Juin
884 3397 944 3446 1881
968 3414 1027 3462 pag.
1050 3397 1093 3447 u.

198 3501 220 3563 4)
238 3499 312 3550 Orelli
331 3500 445 3564 luserim.
465 3499 544 3550 (5443.
562 3498 623 3563 686,
642 3499 716 3549 5359

198 3603 220 3666 5)
274 3619 285 3649 a
392 3619 403 3649 u
465 3601 543 3652 6115.

198 3705 220 3767 ⁶)
273 3721 284 3752 a
391 3732 402 3758 η
465 3704 525 3754 686.

200 3806 221 3868 ⁷)
274 3823 285 3853 a
392 3835 402 3858 „
465 3805 525 3855 686.

200 3909 287 3972 ⁸)„
393 3939 403 3963 a
465 3909 526 3960 686.

199 4016 281 4076 1,)
392 4041 403 4065 ,,
465 4011 509 4060 25.

192 4043 405 4179 1⁰)i„
467 4113 527 4176 oro,
546 4111 607 4164 617.
