2842 4920
698 387 738 451 82

177 600 297 664 famosis
320 597 514 686 proveniunt,
539 624 599 664 non
612 608 714 665 contra
730 600 1154 675 'liberiumadhibendasuut.
1180 604 1251 669 Hoc

175 725 255 791 valet
277 727 313 789 de
337 725 476 790 ornnibus
494 733 580 790 acuto
592 733 622 788 et
632 725 731 811 jocose
744 725 845 804 dietis,
869 749 946 811 (puae
957 727 1128 807 traduntur,
1146 729 1183 792 de
1194 729 1249 817 iis,

176 853 300 936 quacdc
325 851 498 915 bominibus
521 851 632 936 ignotis
660 859 819 915 narrantur
831 859 861 914 et
872 851 909 915 do
931 853 1137 937 compluribus
1150 876 1256 918 exem-i

220 1101 292 1185 Cap.
320 1104 369 1166 14.
397 1100 489 1164 Plura
510 1099 663 1186 prodigia,
687 1099 797 1183 quibus
819 1099 938 1163 'liberio
962 1124 1087 1185 regnum
1111 1102 1248 1166 osteude-

174 1224 280 1304 botur,
312 1231 591 1288 commemorantur.
623 1224 772 1288 Videntur
795 1248 857 1289 esse
880 1248 1014 1289 rumores
1038 1226 1082 1289 vel
1108 1249 1246 1291 ererum

176 1357 283 1414 eventu
308 1349 365 1413 orti
396 1349 443 1414 vel
469 1349 606 1412 consulto
629 1350 689 1414 ficti
700 1400 709 1429 ,
744 1359 780 1415 ut
804 1351 986 1435 majestatem
1012 1350 1123 1415 'liberii
1143 1353 1248 1416 confir·

177 1481 309 1551 morant,
335 1472 588 1558 quemadmodum
609 1481 728 1538 mortuo
751 1476 891 1558 Augusto
905 1476 1249 1561 virpraetoriusjurovit

176 1621 207 1661 se
230 1599 356 1681 effigiem
378 1598 501 1662 cremati
524 1605 645 1661 euntem
668 1598 699 1661 in
723 1599 841 1662 coelum
865 1600 975 1664 vidisse
988 1602 1021 1685 ¹).

222 1721 414 1796 ''Destiuarot
436 1722 624 1806 'l'brasyllum
645 1723 677 1786 in
701 1746 780 1788 mare
803 1725 1027 1810 praecipitare'’.
1060 1727 1130 1789 Sine
1154 1726 1247 1791 dubio

175 1872 279 1913 rumor
301 1856 364 1926 est,
395 1849 483 1932 quia,
516 1847 539 1910 si
563 1847 593 1910 id
617 1847 737 1912 'liberio
761 1849 792 1912 iu
816 1850 916 1913 animo
939 1850 1062 1928 fuisset,
1093 1851 1245 1916 tacuisset.

220 1974 291 2058 Cap.
317 1975 368 2036 el.
394 1972 463 2035 Vox
487 1972 620 2057 Augusti
632 1992 687 2057 per
699 1973 898 2038 cubicularios
911 1981 1032 2059 exceptu
1044 1982 1106 2038 est:
1134 1974 1246 2038 nMise·

177 2121 245 2162 rum
269 2098 414 2183 populum
438 2096 487 2177 e„
512 2097 564 2180 qui
588 2098 644 2162 sub
663 2106 726 2162 torn
748 2099 840 2162 lentis
866 2098 996 2162 maxillis
1021 2099 1110 2164 orit’'.
1142 2099 1247 2163 Testes

178 2223 329 2307 egregios!

220 2349 394 2432 Augustus,
417 2347 581 2411 ambitione
603 2348 712 2411 ductus
720 2396 729 2427 ,
741 2347 894 2411 'liberium
907 2348 1015 2433 elegit,
1028 2349 1064 2413 de
1076 2371 1136 2433 quo
1147 2372 1237 2434 supra

174 2472 241 2536 vide
264 2473 301 2536 ad
323 2472 392 2537 Tac.
419 2473 497 2536 dnn.
528 2472 540 2534 l
567 2475 617 2537 ll).

218 2598 281 2681 Cap
304 2600 357 2660 42.
378 2594 515 2658 Tiberius
534 2595 678 2659 Claudius
691 2596 774 2660 Nero
786 2620 838 2683 per
855 2599 957 2684 jocum
968 2597 1240 2664 BiberiusCaldius

174 2723 260 2786 Mero
280 2718 495 2806 appellabatur,
519 2719 555 2783 ad
568 2743 656 2804 quem
667 2721 766 2804 jocum
780 2744 888 2784 nomen
903 2722 1035 2786 multum
1046 2723 1244 2787 contribuisse

175 2847 301 2912 videtur.

221 2972 275 3036 aL.
287 2971 389 3035 Pisoni
398 2975 612 3056 praefecturam
624 2970 744 3048 detulit,
754 2969 821 3054 quia
839 2970 908 3033 Piso
922 2969 1043 3033 vinosus
1056 2970 1146 3049 fuit’',
1161 2970 1243 3054 qnod

172 3097 251 3159 idem
276 3096 393 3158 Plinius
416 3094 525 3174 tradit,
545 3095 597 3178 qui
619 3102 720 3158 tamen
739 3094 842 3159 addit:
871 3093 1073 3169 perulidere'&
1089 3095 1113 3178 2)
1140 3093 1239 3159 Facile

171 3229 217 3285 est
238 3220 339 3284 vidore
361 3241 512 3283 rumorem
535 3219 605 3283 inde
630 3229 736 3284 natum
759 3242 841 3299 esse,
862 3219 943 3303 quod
969 3217 1107 3282 liberius
1128 3225 1159 3282 et
1170 3218 1241 3282 Piso

172 3345 262 3408 nimis
296 3344 366 3409 vino
401 3341 606 3426 indulgebant.
645 3341 693 3405 Ob
731 3364 851 3407 causam
885 3342 1009 3406 condem
1038 3342 1241 3428 Pomponium

173 3469 314 3533 blancum
345 3465 515 3552 provinciae
548 3465 750 3550 praeposuisse
790 3467 916 3543 (licitum
948 3466 998 3530 hic
1020 3465 1110 3530 etiam
1138 3488 1239 3531 merus

172 3616 275 3657 rumor
298 3600 353 3670 cst,
387 3591 440 3676 qni
464 3594 612 3655 refutatur
635 3612 724 3668 cura,
748 3612 838 3674 quam
860 3589 999 3655 'liberius
1018 3589 1239 3674 provinciarum

170 3715 286 3781 habuit.

207 4011 228 4070 ¹)
245 4010 312 4060 Suet.
331 4011 395 4074 Aug.
412 4009 468 4059 loo.

204 4115 225 4180 ²)
243 4114 304 4164 Plin.
323 4114 384 4163 Nat.
408 4113 471 4163 llist.
490 4113 545 4162 xiv
565 4113 597 4162 22
617 4112 680 4176 (⁶28).
698 4112 734 4162 Cf.
752 4114 809 4162 Son.
827 4113 871 4176 Ep.
889 4111 928 4162 83.
945 4111 984 4169 14,
1003 4111 1043 4161 15.
