2842 4920
690 396 754 459 115

176 608 282 694 Sejano
305 631 497 696 comparasse.
523 610 679 676 Praeterea
700 610 805 675 verba:
826 610 942 685 pdulois
960 611 1159 676 estlibertas’'
1173 614 1198 697 2)
1211 620 1242 677 et

175 735 324 820 Prologus
347 735 417 800 libri
439 736 521 800 tertii
548 743 616 821 post
642 743 769 799 mortem
793 735 904 800 Tiberii
923 736 1034 821 scripta
1054 758 1117 800 esse
1132 744 1242 821 putan-

174 867 234 926 tur.
256 861 314 924 Sed
325 883 416 945 quam
428 861 501 926 haec
512 861 612 924 omnia
623 883 640 924 e
651 860 740 924 meris
752 861 930 946 conjecturis
942 858 1100 945 pendeant,
1113 869 1243 946 praestat

174 983 206 1047 in
225 984 272 1047 his
293 984 494 1068 ignorantiam
516 985 657 1069 profiteri.
787 1037 790 1042 ,
1029 1024 1031 1030 2

220 1108 284 1172 Sub
318 1108 455 1193 Caligula
490 1108 579 1172 Philo
614 1109 748 1173 Judaens
779 1109 970 1192 scripsit.·In
992 1108 1110 1175 duobus
1134 1109 1240 1174 libris:

178 1233 348 1308 ‘'Adversus
371 1233 535 1297 Flaccum’'
544 1241 579 1298 et
596 1233 741 1317 ‘'Legatio
752 1233 791 1297 ad
802 1233 930 1318 (la-jum’
942 1234 1051 1318 passim
1072 1234 1109 1298 de
1119 1233 1242 1298 Tiberio

175 1359 246 1442 agit.
278 1359 354 1443 Ejus
387 1358 459 1422 fides
490 1365 591 1422 tamen
615 1380 676 1420 non
698 1358 741 1421 ita
762 1379 871 1442 magna
894 1365 956 1437 est,
990 1357 1061 1442 quia
1084 1357 1140 1422 sub
1163 1358 1242 1422 (lali-

174 1482 246 1567 gula
269 1482 387 1567 scripsit
409 1490 440 1546 et
458 1483 522 1546 sine
542 1483 604 1546 ullo
616 1481 708 1546 dubio
720 1482 858 1547 Tiberius
870 1488 936 1546 tum
948 1481 1107 1546 desiderari
1119 1489 1242 1567 coeptus

172 1615 228 1672 est.
253 1607 311 1672 Sed
333 1608 405 1672 licet
425 1607 622 1673 concedamus
645 1629 783 1691 ea‚quae
794 1606 960 1692 scripserit,
973 1615 1150 1692 exaggerata
1161 1629 1242 1685 esse,

174 1741 277 1797 tamen
299 1733 386 1819 plane
409 1732 482 1797 falsa.
508 1755 571 1796 esse
595 1731 670 1795 mihi
693 1755 754 1795 non
776 1731 935 1809 videntur,
959 1732 1030 1816 quia
1041 1731 1080 1797 ab
1092 1733 1159 1797 aliis
1171 1755 1242 1796 con·
1299 1761 1300 1765 ¹

174 1860 341 1924 firmantur.
378 1858 510 1922 Summis
544 1857 685 1922 laudibus
707 1857 935 1942 prosperitatem
962 1857 1081 1943 imperii
1103 1858 1240 1921 extollit:

174 1983 248 2048 dicit
279 1983 433 2048 Tiberium
463 2004 600 2047 severum
630 1981 721 2044 luisse
744 2004 815 2066 erga
836 1984 1000 2066 praefectos
1020 1981 1190 2066 provinciae
1211 1989 1243 2046 et

175 2131 213 2172 ne
241 2131 343 2172 semen
373 2107 445 2172 belli
475 2105 597 2191 quidem
624 2105 788 2188 reliquisse,
812 2105 973 2189 imperium
996 2104 1124 2188 denique
1145 2127 1242 2188 usque

174 2232 211 2296 ad
242 2232 307 2316 ejus
339 2238 466 2294 mortem
496 2253 569 2316 pace
591 2231 735 2295 floruisse.
762 2231 808 2294 De
830 2230 963 2295 moribus
985 2252 1105 2313 quoque
1130 2229 1242 2293 'liberii

175 2357 265 2420 Philo
276 2356 341 2441 agit
351 2355 398 2418 his
411 2355 509 2420 verbis
521 2354 547 2442 ³)
564 2381 570 2417 ε
588 2356 678 2435 ῃσρὸς
692 2356 725 2419 τὸ
742 2354 914 2435 σεμνότερόν
925 2379 960 2418 τε
972 2353 1024 2418 καὶ
1036 2354 1243 2435 αὐστηρότερον

176 2482 286 2562 σχεδὸν
309 2482 343 2544 ἐκ
365 2480 481 2560 πρώτης
504 2480 621 2555 ἡλικίας
645 2481 799 2552 incalcata
816 2474 917 2559 εἶχεν,
941 2487 1173 2563 praetereaeum
1184 2478 1242 2544 hoc

176 2608 263 2670 modo
274 2606 397 2670 laudat:
426 2603 582 2686 ,[Φρσνήσεν
611 2605 721 2688 βαθείᾳ
744 2605 896 2684 χρώμενος
918 2602 971 2668 aa>
990 2609 1046 2668 τῶν
1068 2605 1133 2668 καθ’
1147 2604 1242 2667 αὐτῶν

177 2731 318 2797 ἁπάντων
351 2731 517 2802 δεινότατος
552 2729 588 2793 ὢν
621 2730 741 2810 ἀφανὲς
775 2729 928 2810 ἀνθρώπων
951 2727 1095 2805 βούλημα
1120 2728 1243 2792 συνιδεῖν

175 2855 227 2920 καὶ
250 2854 302 2920 s’arl
323 2859 457 2920 σσσσῦσσν
480 2854 593 2919 συνέσει
617 2853 770 2931 διενεγκών
794 2854 846 2933 ἐφ’
871 2850 934 2916 ὅσον
955 2851 1008 2916 acal
1031 2850 1170 2934 εὐτυχίᾳ.
1188 2851 1242 2914 In-

176 2981 266 3066 digne
288 2984 345 3044 fert
368 2979 460 3043 talem
484 2979 583 3043 virum
607 2976 779 3062 vituperari.
804 2975 917 3039 Tiberii
926 2956 1045 3061 juvenis
1057 2997 1240 3059 cognomen:

178 3106 211 3182 'sa‘
231 3103 424 3186 πρεσβύσνς”
437 3103 517 3188 apud
532 3101 693 3166 Philonem
705 3102 869 3166 invenitur.
896 3099 979 3164 Dicit
989 3107 1140 3185 praeterea
1152 3099 1242 3164 'sibe-

174 3230 254 3293 rium
294 3228 417 3293 Judaeis
456 3226 598 3312 favisset
633 3226 800 3311 Cajumque
833 3230 1006 3310 suspectum
1040 3222 1188 3315 habuisse
1198 3223 1241 3309 5);

176 3353 311 3434 videmus
333 3375 421 3440 porro
441 3351 584 3417 Flaccum
603 3357 827 3436 procuratorem
846 3348 976 3433 Aegypti
988 3348 1118 3411 amicum
1131 3347 1243 3411 Tiberii

135 3527 138 3535 .
176 3479 279 3559 fuisse,
301 3478 412 3564 quippo
435 3477 489 3562 qui
511 3476 597 3541 valde
619 3484 746 3540 mortem
769 3473 880 3539 Tiberii
905 3472 1114 3556 deploraverit.
1129 3470 1155 3558 ⁶)
1263 3477 1266 3482 '

213 3674 233 3737 1)
252 3674 359 3723 Phaedr.
377 3673 429 3724 13.

210 3777 232 3840 ²)
252 3776 359 3826 Phaedr.
377 3776 409 3824 ΙΙΙ
429 3773 493 3837 7,1.

213 3880 235 3943 ³)
253 3879 323 3928 Philo
340 3893 397 3942 pag.
415 3875 471 3939 551,
490 3874 539 3924 586
556 3875 587 3923 ed
605 3875 716 3937 Mangey
733 3871 810 3921 1742.

210 3981 233 4041 ⁴)
284 3999 295 4030 a
340 3996 397 4045 pag.
414 3977 475 4029 569.

211 4084 233 4146 ⁵)
283 4100 295 4131 a
341 4097 400 4146 pag.
422 4079 483 4129 551.

210 4187 232 4251 ⁶)
283 4204 295 4235 a
339 4187 399 4251 Lag.
417 4184 451 4238 ad
468 4184 587 4236 Flaccum
605 4179 652 4231 sub
671 4181 747 4231 initio.
