2842 4920
716 375 756 437 60

184 585 262 651 Vera
285 609 390 665 causa,
406 593 454 650 'ut
475 585 644 670 provinciae
667 585 862 672 prosperitate
886 586 1047 663 florerent,
1082 585 1108 649 si
1130 591 1257 650 rectores

184 710 344 790 haberent,
368 710 421 796 qui
439 711 530 796 longo
549 733 607 774 usu
627 733 731 775 aarum
750 710 905 775 commoda
928 709 1137 795 cognovissent
1155 716 1183 773 et
1203 732 1256 796 per

182 836 350 920 complures
372 857 465 900 annos
487 833 645 920 pecuniam
667 856 704 898 ex
726 834 878 920 provincia
902 834 1042 918 colligere
1067 842 1189 919 possent
1217 836 1252 918 1),

182 982 243 1045 quo
265 962 379 1025 factum
402 966 462 1036 est,
484 966 521 1023 ut
543 959 710 1044 complures
733 958 917 1043 provinciam
939 966 1109 1024 recusarent
1132 961 1167 1038 2),
1193 982 1255 1024 non

181 1083 335 1148 invenitur
342 1109 351 1161 3
375 1084 407 1148 in
429 1084 486 1149 hoc
509 1075 612 1148 autern
634 1086 793 1169 Augustus
816 1083 844 1146 ei
867 1106 971 1147 norma
995 1084 1053 1148 fuit
1092 1082 1114 1171 ).

202 1209 337 1278 ,Iria
363 1210 550 1275 urlrohelaus
571 1195 663 1273 vitam
688 1215 793 1294 sponte
815 1231 853 1272 an
876 1210 938 1273 fato
955 1207 1092 1294 implet.’'
1119 1208 1256 1273 Secunda

182 1355 272 1400 causa
294 1356 364 1398 vera
387 1333 516 1413 videtur,
542 1337 577 1414 4).

227 1457 279 1521 III
302 1461 355 1522 42.
382 1457 539 1534 '‘Tiberius
561 1464 657 1542 atque
679 1459 819 1542 Augusta
839 1456 961 1543 publico
972 1456 1159 1534 abstinuere,
1176 1457 1254 1521 'infe-

182 1580 245 1646 rius
256 1582 410 1667 majestate
430 1605 484 1648 sua
502 1581 560 1646 rati
579 1581 604 1646 si
624 1582 723 1668 palam
741 1582 994 1660 lamentarentur,
1013 1603 1052 1646 an
1068 1603 1106 1645 ne
1118 1580 1255 1646 omniurn

183 1705 278 1769 oculis
299 1705 421 1771 vultum
443 1727 547 1786 eorum
572 1705 776 1771 scrutantibus
798 1705 1150 1791 falsiintelligerentur”.
1175 1705 1255 1770 Vera

183 1851 271 1895 causa
293 1830 483 1916 paucioribus
501 1831 600 1896 verbis
623 1854 713 1916 quam
733 1830 807 1895 falsa
819 1853 907 1895 causa
924 1829 1071 1908 traditur,
1094 1853 1171 1914 quae
1189 1829 1255 1915 ipsa

182 1961 228 2020 est
249 1953 392 2022 insidiosa
413 1956 543 2023 Tiberio.

227 2078 281 2144 ΠΙ
305 2084 333 2145 3.
358 2081 507 2162 Antonia,
526 2080 823 2163 Germanicimater,
841 2079 1013 2146 funerinon
1029 2079 1121 2148 adest.
1146 2078 1254 2143 Plures

182 2203 312 2268 rationes
323 2204 499 2284 redduntur,
508 2205 625 2270 infirma
633 2205 773 2271 valetudo
780 2206 828 2270 vel
836 2205 907 2291 quia
915 2205 1033 2270 animus
1047 2204 1253 2290 maguitudcm

183 2326 255 2393 mali
269 2331 399 2414 perferre
410 2328 477 2394 visu
490 2352 549 2394 non
562 2329 710 2396 toleravit.
735 2329 831 2394 Addit
841 2329 978 2394 Tacitus:
995 2327 1146 2404 '‘Facilius
1158 2329 1252 2394 credi·

183 2452 277 2517 derim
297 2475 363 2517 eam
374 2453 492 2519 Tiberio
504 2453 668 2519 cohibitam
680 2453 775 2534 esse'',
799 2475 877 2538 quae
888 2475 977 2518 causa
988 2453 1116 2517 maxime
1122 2453 1248 2526 eminet.

227 2576 280 2641 ΙΠ
303 2581 355 2643 22.
390 2577 490 2643 Druso
525 2600 585 2642 non
618 2578 692 2644 lieet
714 2577 808 2663 primo
831 2577 901 2642 loco
924 2578 1104 2642 sententiam
1127 2578 1248 2644 dicere:

186 2702 286 2788 pquod
319 2702 371 2767 alii
401 2702 488 2767 civile
504 2702 664 2787 rebantur,
695 2726 739 2781 ne
760 2702 866 2768 ceteris
889 2701 1074 2766 assentiendi
1092 2701 1252 2767 necessitas

182 2826 283 2912 fieret,
307 2826 429 2911 quidam
451 2827 488 2892 ad
511 2827 666 2892 saevitiam
688 2826 873 2893 trahebantt'
888 2848 986 2911 neque
1005 2825 1251 2891 enimoessurum

182 2949 241 3017 nisi
263 2950 426 3018 damnandi
447 2952 577 3017 officio''.
600 2951 688 3017 Prior
709 2974 798 3017 causa
819 2951 917 3017 verior
938 2949 1066 3015 videtur.

227 3075 281 3140 ΠΙ
303 3079 356 3141 m.
379 3075 468 3141 Bello
490 3084 555 3141 orto
577 3076 716 3142 liberius
737 3077 769 3140 iu
794 3076 985 3140 securitatem
1007 3074 1190 3160 compositus
1203 3083 1249 3140 est

186 3199 365 3275 'saltitudine
398 3201 509 3280 animi,
544 3225 582 3267 an
616 3203 794 3288 comperiret
828 3202 944 3267 modica
977 3223 1041 3265 esse
1063 3208 1093 3265 et
1116 3201 1248 3287 vulgatis

182 3322 326 3390 leviora.’'
350 3324 501 3390 Posterior
523 3346 613 3393 causa
635 3327 723 3392 unice
744 3349 814 3392 vara
836 3333 891 3392 est.

219 3492 240 3557 1)
264 3493 355 3545 Ultima
381 3510 411 3545 ea
438 3510 514 3546 causa
539 3495 668 3546 iuvenitur
692 3497 760 3560 apud
786 3496 901 3545 Flavium
926 3495 1065 3560 Iosephum
1093 3499 1155 3548 Ant.
1185 3497 1245 3549 Iud.

184 3594 327 3655 rivulis,
349 3596 377 3664 5,
395 3597 437 3648 ubi
455 3602 567 3656 rectores
584 3598 771 3663 provinciarum
786 3612 848 3647 cum
865 3598 961 3648 muscis
978 3574 1167 3663 comparantur,
1185 3614 1250 3664 quas

183 3698 205 3748 si
229 3713 244 3749 a
271 3700 393 3751 cadavere
418 3702 548 3766 depuleris,
574 3702 637 3753 allae
662 3702 774 3752 veniunt.
799 3700 913 3752 Summis
937 3700 1054 3752 laudibus
1076 3701 1249 3752 condicionem

185 3801 282 3865 imperii
302 3803 376 3852 effert
394 3803 457 3855 Phil.
474 3804 534 3870 Lag.
552 3805 584 3856 ad
603 3804 704 3868 cajum.
794 3875 795 3879 Ἰ

218 3905 239 3969 ²)
257 3904 319 3955 Tae.
343 3906 410 3958 Anu.
425 3907 458 3958 lV
474 3905 519 3958 33.

220 4006 243 4083 ³)
260 4007 330 4059 Suet.
347 4010 415 4074 Aug.
436 4006 482 4059 23.

202 4114 241 4179 ¹⁴)
258 4111 305 4163 Dio
322 4111 385 4161 LVII
403 4110 443 4160 17.
