2842 4920
685 392 725 454 18

216 610 381 675 Videamus
414 613 581 694 praeterea,
616 626 676 688 quo
712 601 800 666 modo
834 600 960 664 historia
993 594 1084 662 scribi
1117 595 1246 664 soleret.

172 736 313 821 Principe
347 734 415 798 viro
448 730 574 795 historia
607 727 749 793 scribitur
783 749 851 790 cum
886 723 987 788 studio
1016 722 1144 806 gratiam
1175 721 1247 785 eius

171 861 312 939 ineundi,
334 859 410 923 falsa
431 865 476 921 est
495 855 541 919 vol
563 852 601 917 ob
625 861 741 917 metum
764 851 813 917 vel
836 849 875 914 ob
887 850 1100 916 arlnlationom.
1124 845 1157 909 Si
1170 847 1247 929 quis

173 985 284 1049 nostris
306 978 493 1067 temporibus
515 980 548 1043 in
560 978 741 1064 republica,
767 975 821 1041 ubi
832 974 957 1040 libertas
970 971 1121 1039 scribendi
1132 971 1245 1049 floret,

173 1110 211 1173 de
231 1108 366 1194 principe
388 1103 503 1190 aliquid
525 1105 636 1189 scripto
648 1101 786 1181 mandat,
809 1101 913 1167 laudat
934 1101 998 1186 ejus
1022 1098 1098 1161 bene
1119 1095 1247 1160 iactast

174 1235 329 1322 complura
351 1233 472 1298 silentio
494 1229 724 1315 praetermittit,
747 1229 773 1291 si
793 1228 854 1312 jam
878 1247 941 1291 non
963 1223 1065 1288 studet
1084 1222 1246 1288 veritatem

175 1361 360 1443 detorquere.
395 1356 519 1437 Quanto
555 1356 651 1440 magis
684 1353 742 1418 hoc
775 1374 896 1416 necesse
929 1356 993 1414 erat
1027 1348 1092 1411 fieri
1126 1346 1246 1410 Romae

175 1490 272 1548 aetate
305 1483 516 1570 imperatoria,
550 1500 646 1562 quum
678 1477 787 1541 Caesar
809 1499 864 1540 suo
887 1483 965 1538 nutu
989 1473 1090 1537 omnia
1112 1480 1242 1555 regeret.

175 1608 360 1672 'i'estimonia
383 1632 443 1672 nou
467 1610 586 1675 desunt.
610 1610 733 1675 Tacitus
756 1633 810 1675 nos
833 1608 919 1673 docet
930 1608 1088 1672 historiam
1103 1606 1246 1669 omnium

176 1732 337 1797 Caesarum
368 1733 406 1798 ab
435 1734 611 1819 aequalibus
634 1758 704 1799 cum
726 1735 827 1798 studio
851 1734 991 1818 scriptam
1013 1753 1077 1795 esse
1101 1729 1136 1807 ¹),
1159 1729 1243 1813 quod

177 1880 194 1920 a
227 1857 371 1921 Suetonio
384 1861 409 1943 2)
433 1867 463 1923 et
495 1859 599 1925 Plavis
622 1859 755 1944 Josepho
772 1858 799 1947 ⁸)
822 1857 990 1923 confirmari
1013 1856 1159 1922 videmus.
1195 1853 1246 1917 Ex

176 1980 288 2046 'liberii
313 1989 410 2047 aetate
422 1983 556 2069 Vellejus
580 1984 668 2048 nobis
680 1983 852 2071 exemplum
864 1989 908 2046 ost
920 2031 929 2059 ‚
953 1981 1006 2065 qui
1017 1982 1081 2066 ipse
1093 1980 1224 2044 declarat
1236 2007 1243 2043 :

180 2129 316 2191 asemper
344 2130 468 2192 uragnae
490 2113 628 2175 fortunae
650 2118 696 2174 est
714 2132 812 2175 comes
831 2106 995 2173 adulatio.”
1020 2106 1094 2169 Post
1116 2112 1245 2169 mortem

178 2228 311 2294 Caesaris
335 2231 505 2297 recentibus
528 2234 605 2298 odiis
627 2235 754 2298 historia
777 2235 841 2319 ejus
863 2229 1005 2296 scribitur
1016 2234 1040 2314 4)
1065 2231 1136 2314 quia
1146 2251 1246 2295 novus

180 2356 316 2441 princeps
339 2357 516 2442 plerumque
538 2358 723 2438 laetabatur,
747 2359 772 2422 si
795 2357 929 2421 decessor
953 2356 1018 2441 ejus
1041 2356 1113 2419 atris
1136 2352 1246 2417 colori-

180 2479 237 2544 bus
261 2479 481 2566 depingobatur
494 2485 517 2567 1)
554 2482 586 2546 Si
610 2483 738 2568 legimus
760 2484 794 2546 in
817 2482 1002 2566 Panegyrico
1025 2480 1139 2544 Plinii:
1168 2477 1246 2555 ahoe

179 2605 311 2689 primum
333 2628 404 2691 erga
427 2608 574 2692 optimum
598 2609 808 2693 imperatorem
830 2608 950 2692 piorum
974 2605 1087 2669 civium
1111 2603 1246 2666 officium

180 2738 242 2808 est,
259 2731 379 2815 insequi
391 2732 551 2797 dissimiles
563 2734 623 2818 ⁶),’'
637 2733 857 2817 intelligimus,
871 2732 969 2817 qualis
981 2731 1039 2794 hae
1051 2729 1088 2793 de
1100 2750 1132 2792 re
1144 2729 1246 2813 opinio

179 2856 280 2920 fuerit.
306 2855 420 2921 Tiberii
443 2881 564 2944 quoque
589 2860 650 2923 vita
674 2857 843 2922 recentibus
865 2857 941 2920 odiis
953 2856 1063 2940 scripta
1086 2860 1141 2933 est,
1164 2852 1246 2936 quod

182 3004 288 3066 magna
311 2982 472 3047 acerbitate
494 2986 607 3048 sactum
630 3006 694 3048 esse
712 2982 873 3049 admodum
890 2982 952 3046 veri
965 2979 1063 3043 simile
1076 2985 1131 3056 est,
1150 2999 1247 3063 quum

178 3104 407 3186 'lacitusdieat,
420 3108 570 3171 neminem
593 3117 654 3171 tam
678 3110 829 3173 infensum
852 3107 1025 3191 scriptorem
1039 3104 1188 3179 extitisse,
1211 3109 1248 3167 ut

219 3392 240 3456 ¹)
256 3392 314 3444 Tac.
333 3392 400 3442 Anu.
426 3393 478 3456 Il,
495 3394 525 3442 do
543 3395 630 3458 primis
649 3395 814 3459 principibus,

214 3494 275 3545 Tac.
299 3496 363 3545 Hist.
387 3495 435 3557 11,
455 3497 476 3546 ll
495 3494 552 3564 illl,
570 3498 600 3546 de
618 3497 703 3562 Galba,
727 3498 834 3555 Othone,
854 3496 950 3547 Vitellio
967 3501 992 3544 et
1010 3494 1109 3544 Fluviis.

214 3599 236 3662 ⁹)
253 3597 326 3648 Suet.
349 3599 403 3649 Gal.
425 3598 448 3662 8,
467 3598 514 3649 Vit.
532 3597 557 3650 1.

215 3699 237 3763 ³)
256 3700 327 3749 Fluv.
349 3699 403 3749 los.
426 3701 483 3750 Ant.
501 3700 562 3750 lud.
584 3700 630 3750 XX
648 3700 671 3761 8,
688 3700 713 3768 3,
730 3703 761 3751 de
780 3701 828 3751 vitu
848 3700 967 3751 Neronis.

215 3802 238 3865 ⁴)
256 3802 319 3852 Tac.
341 3804 411 3853 Anu.
433 3804 444 3852 l
462 3801 490 3866 l,
510 3804 575 3854 liist.
598 3801 649 3865 11,
667 3804 689 3853 11
707 3802 764 3854 101.

215 3904 237 3967 ⁶)
266 3905 322 3953 del.
355 3904 460 3968 Lampr.
492 3906 542 3955 vit.
574 3905 632 3954 Ant.
660 3905 760 3969 Heliog.
792 3920 849 3967 cap.
882 3902 925 3952 30:
956 3903 994 3965 rii,
1020 3903 1064 3965 qui
1090 3902 1115 3950 in
1141 3901 1249 3965 gratiam

183 4006 316 4056 Alexandri
334 4006 522 4072 Heliogabalum
540 4008 683 4057 deformare
701 4006 866 4056 voluerunt.''

218 4108 241 4173 ⁰)
258 4108 324 4160 Piin.
347 4109 445 4174 Paneg.
468 4108 511 4159 53.
