2842 4920
712 349 729 406 5

182 561 233 625 des
256 561 378 625 Kaisers
400 559 569 625 Tiberius’'
595 560 640 623 De
663 581 723 644 quc
736 558 813 623 libro
827 559 972 623 assentior
983 558 1046 623 viro
1058 557 1103 623 Ol.
1119 558 1250 622 Karsten

183 681 313 749 dicenti:
341 685 463 770 11111111,
489 684 535 748 uti
558 706 710 768 operosam
723 684 814 747 miror
825 681 1020 760 industriam,
1043 683 1086 746 ita
1095 682 1251 768 judicandi

181 809 351 875 libertatem
374 816 405 874 11
427 809 618 894 prudentiam
642 808 742 873 mirari
766 830 898 892 nequeo,
922 807 1031 893 quippe
1054 805 1251 892 quiinlcngc

181 933 318 1019 plurimis
348 933 437 998 rebus
460 957 522 999 non
545 957 599 997 suo
623 933 675 997 sed
697 931 795 998 Taciti
817 939 877 996 stet
897 931 1028 1018 judicic,
1048 929 1129 1016 quod
1150 930 1250 1016 ipsum

180 1056 214 1121 in
243 1080 366 1122 censum
396 1057 496 1123 vocari
527 1064 717 1145 oportuerat,
742 1064 851 1142 atque,
875 1056 928 1121 ubi
952 1056 1044 1120 semel
1068 1054 1105 1120 ab
1129 1061 1249 1126 auctore

181 1180 336 1262 dissentit,
361 1190 459 1268 spreta
480 1182 564 1247 illius
588 1205 707 1246 morum
729 1181 844 1246 Tiberii
866 1180 1067 1267 descriptione
1079 1180 1170 1245 aliam
1181 1203 1248 1266 sug-

179 1313 265 1390 gerat
287 1314 318 1373 11
346 1308 442 1372 multo
465 1307 689 1373 clementiorem
711 1330 802 1392 quam
825 1330 862 1371 ex
885 1305 983 1391 priore
1005 1305 1143 1391 opusculi
1165 1312 1249 1390 porte

180 1453 363 1516 consequens
394 1431 500 1496 fuisset
530 1439 560 1495 et
591 1431 664 1495 adeo
695 1429 873 1516 speciosam,
905 1436 941 1494 ut
963 1428 1036 1494 huic
1058 1430 1106 1494 vel
1128 1428 1249 1493 Tacitea

178 1555 369 1641 praeferenda
391 1578 454 1620 csse
477 1555 646 1621 1111111111ἶῖ
671 1554 846 1620 Arbitratur
865 1554 946 1619 enim
959 1554 1124 1619 maximum
1136 1552 1248 1618 liborii

179 1683 290 1748 vitium
312 1682 405 1747 fuisse
427 1681 571 1768 regnandi
594 1681 773 1768 cupidinem.

184 1844 187 1851 -
221 1805 279 1870 Vir
323 1806 368 1871 Ol.
413 1807 545 1872 Karsten
580 1805 678 1871 tribus
712 1805 786 1870 locis
818 1806 855 1870 de
888 1805 945 1870 hac
979 1803 1153 1890 quaestione
1187 1802 1246 1868 dis·

176 1928 304 2014 putavit.
333 1929 378 1993 'In
412 1930 505 2017 diario
538 1930 594 2006 nde
617 1929 715 1994 Gids''
738 1929 909 1995 invenimus
932 1929 988 1994 sub
1010 1928 1116 1993 titulo:
1144 1928 1247 2004 1111111

175 2053 397 2118 rehabilitatie’'
432 2054 683 2141 disputationem,
718 2077 779 2139 qua
801 2054 914 2119 Stahrii
945 2052 1059 2118 librum
1080 2052 1185 2117 laudat
1214 2061 1246 2117 11

177 2177 324 2262 explicat,
357 2178 438 2263 quod
471 2178 523 2243 ille
546 2180 661 2242 efficere
683 2185 808 2243 conatus
831 2185 875 2243 est
898 2186 928 2243 11
948 2177 1098 2265 judicium
1120 2177 1184 2242 cius
1208 2178 1245 2242 de

176 2301 253 2366 libro
276 2302 397 2367 Pasohii
420 2305 452 2381 ⁹).
478 2302 536 2366 Sed
561 2302 680 2389 majoris
704 2303 848 2367 momenti
871 2303 930 2368 fuit
951 2302 1044 2367 liber:
1070 2301 1137 2379 ,sDc
1159 2301 1193 2367 P.
1207 2302 1241 2367 O.

177 2425 272 2508 Taciti
288 2425 346 2491 fide
364 2426 398 2490 in
416 2450 469 2491 sex
479 2418 629 2512 prioribus
642 2427 798 2491 annalium
808 2426 895 2492 libris
904 2426 935 2512 ’',
949 2427 1002 2512 qui
1014 2427 1152 2513 apparuit
1162 2450 1242 2492 anno

177 2552 262 2614 1868
287 2559 317 2614 11
340 2572 400 2634 quc
423 2549 520 2615 multa
543 2573 664 2631 eorum,
689 2574 765 2635 quae
787 2551 878 2615 Stahr
900 2550 1035 2637 scripsit,
1057 2551 1243 2617 confirmavit

176 2672 361 2759 argumentis
396 2698 432 2740 111
465 2675 619 2741 literarum
654 2675 810 2761 disciplina
834 2675 953 2761 petitis,
978 2675 1088 2760 quibus
1111 2676 1142 2740 in
1165 2675 1243 2741 libro

173 2799 286 2862 Stalnii
308 2823 368 2865 non
391 2800 475 2865 locus
489 2807 559 2866 erat.
591 2800 785 2866 Demonstrat
795 2801 999 2867 Tacitumhoc
1009 2800 1087 2865 libro
1099 2801 1242 2886 iniquum

172 2923 321 3008 judicium
332 2948 420 3011 saepe
430 2925 549 3004 tulisse,
569 2949 667 3011 neque
677 2926 791 3010 ubique
802 2925 859 2991 sibi
871 2933 1007 2991 constare
1017 2933 1048 2991 et
1059 2926 1134 2992 falsa
1146 2927 1243 2993 multa

175 3071 318 3128 narrasse,
336 3047 665 3138 Tiberium-expertem
688 3072 751 3113 esse
768 3049 856 3136 culpa
867 3049 955 3114 occisi
968 3049 1157 3128 Germanici,
1182 3073 1242 3115 non

174 3175 451 3261 reprehendendum
463 3198 526 3239 esse
536 3175 568 3238 in
580 3199 669 3242 causa
680 3173 824 3258 Libonis,
837 3173 913 3240 benc
924 3175 1054 3259 denique
1066 3175 1161 3261 egisse
1172 3198 1242 3260 erga

174 3309 299 3366 matram
325 3308 355 3365 et
379 3324 414 3365 eo
435 3301 595 3386 imperium
608 3301 764 3365 obtinente
775 3300 945 3365 libertatem
958 3300 1101 3366 floruisse.
1126 3301 1241 3367 Eodem

174 3449 252 3490 anno
269 3425 298 3490 J.
318 3426 369 3492 W.
388 3426 425 3490 G.
448 3449 505 3490 van
521 3425 628 3500 Ocrdt‚
642 3427 727 3511 cujus
739 3448 775 3489 cx
787 3425 984 3489 instructione
995 3425 1099 3511 primis
1110 3425 1197 3490 annis
1208 3425 1241 3489 in

173 3550 336 3636 Gymnasio
360 3549 487 3635 Hagano
510 3549 636 3635 peractis
661 3549 793 3614 multum
817 3572 864 3613 me
886 3552 1019 3614 fructum
1031 3550 1142 3634 cepisse
1153 3556 1238 3634 grato

208 3782 228 3845 1)
246 3781 338 3832 Contra
355 3782 485 3832 Stahrium
503 3785 658 3847 scripserunt
677 3754 1002 3844 interariosrrobst'rsm,
1020 3782 1152 3832 Leonhard
1164 3780 1238 3832 1876.

172 3883 297 3961 Judicium
315 3885 370 3935 eius
387 3885 443 3934 libri
462 3884 601 3949 reperitur:
621 3885 683 3936 Hist.
702 3885 857 3949 Zeitschrist,
876 3884 1084 3949 1111111131111111ι
1100 3883 1180 3933 durch
1191 3898 1237 3932 von

173 3984 256 4050 Sybel.
273 3985 350 4036 1864.

209 4088 232 4152 2)
250 4088 309 4138 Gids
327 4088 406 4152 1866,
425 4104 460 4139 m.
478 4091 564 4152 Mart,
583 4105 617 4139 m.
637 4089 703 4155 Aug.
