2842 4920
647 387 711 449 113

139 607 207 665 tum
236 607 358 686 propter
386 598 518 663 indolem
524 625 533 676 ;
569 598 594 662 si
617 597 801 682 quisalius,
825 597 937 661 stultns
962 604 1008 661 est
1032 604 1063 662 et
1085 597 1211 683 ineptus

140 732 260 807 auctor,
309 725 396 810 cujus
442 723 593 787 scribendi
639 744 735 807 genus
776 721 894 786 fastidio
927 722 1062 806 quemvis
1096 722 1210 808 implet.

140 848 293 915 Tiberium
311 848 450 913 laudibus
462 848 599 925 extollit,
623 847 773 933 praedicat
784 870 854 911 eum
866 847 1062 911 certissimam
1074 847 1206 912 salutem
1229 880 1234 893 ·

139 974 264 1060 patriae,
288 975 373 1061 cujus
396 973 517 1038 coelesti
538 972 728 1059 providentia
751 972 892 1052 virtutes,
915 972 952 1037 de
976 971 1087 1058 quibus
1111 971 1209 1036 dictu-

140 1121 191 1162 rus
203 1106 258 1179 est,
270 1097 484 1183 benignissime
496 1100 663 1175 foveantur,
684 1096 758 1161 vitia
774 1096 958 1161 severissime
968 1096 1159 1160 vindicentur
1171 1096 1208 1184 ¹),

140 1223 289 1308 optimum
323 1222 487 1307 principem
517 1243 586 1285 eum
610 1220 746 1285 nominat
755 1223 792 1305 2),
812 1221 973 1285 salutarem
996 1220 1161 1306 principem
1172 1222 1210 1306 ³),

139 1347 304 1433 principem
314 1353 529 1432 parentemque
539 1346 662 1432 suum4)
674 1353 705 1409 ct
715 1345 820 1410 laudet
831 1352 963 1410 aetatem
970 1343 1083 1409 'liberii
1094 1344 1210 1409 verbis:

142 1493 222 1557 nque
242 1470 329 1536 nulla
341 1469 455 1534 beatior
465 1469 525 1535 fuit
537 1471 592 1548 5).”
607 1468 831 1537 Commemorat
845 1491 977 1534 amorem
992 1469 1058 1554 ejus
1069 1491 1141 1554 erga
1152 1471 1210 1532 fra-

138 1602 216 1659 trem
240 1603 271 1660 et
293 1595 509 1660 documentum
533 1595 625 1680 hujus
648 1594 757 1658 amoris
780 1593 889 1679 dam),
902 1601 933 1657 et
958 1593 1061 1658 laudat
1085 1592 1211 1657 Germa·

141 1719 244 1784 uicum
256 1719 302 1807 ⁷),
324 1719 377 1804 qui
389 1719 474 1784 locus
486 1719 587 1804 magni
600 1717 743 1782 momenti
755 1724 815 1797 est,
828 1717 900 1801 quia
912 1716 1046 1781 ostendit
1056 1715 1210 1780 'liberium

140 1843 353 1908 Germanicum
387 1866 448 1907 uon
482 1844 595 1920 odisse,
624 1866 694 1907 nam
727 1842 841 1927 alioqui
875 1841 1003 1927 scriptor
1037 1842 1093 1906 hac
1116 1841 1153 1905 de
1177 1864 1209 1905 re

138 1967 300 2045 tacuisset,
322 1967 355 2032 in
380 1967 522 2053 Sejanum
545 1967 675 2052 denique
696 1967 735 2030 iis
757 1966 855 2033 verbis
877 1966 1005 2046 invehit,
1027 1965 1210 2050 quaecuivis

142 2115 285 2157 nauseam
311 2092 483 2180 morentl).

185 2216 297 2282 Seneca
319 2217 422 2281 rhetor
444 2240 538 2303 pauca
562 2216 599 2281 de
621 2215 740 2281 'liberio
765 2216 848 2281 dicit.
873 2215 1020 2279 Nominat
1032 2213 1209 2299 magistrum

139 2341 204 2426 ejus
227 2341 418 2407 Theodorum
433 2342 459 2428 9)
468 2391 478 2422 ,
501 2349 602 2407 namot
624 2341 764 2406 Attalum
787 2341 922 2406 Stoicum
933 2365 951 2405 a
963 2340 1069 2426 Sejanc
1082 2341 1210 2404 circum-

139 2464 285 2552 scriptum
325 2467 423 2531 solum
467 2467 589 2532 vertisse
614 2467 653 2553 10)
687 2475 718 2532 et
751 2467 897 2532 Scaurum
932 2465 1117 2529 Mamercum
1152 2464 1210 2528 sub

139 2589 259 2655 liberio
281 2614 299 2656 a
321 2592 419 2656 'lusco
442 2603 612 2656 accusatum
636 2615 700 2656 esse
713 2592 761 2678 Π).

184 2715 328 2802 Sequitur
356 2716 485 2797 Strab0,
520 2717 574 2802 qui
595 2740 676 2781 auno
712 2720 750 2782 17
775 2716 823 2782 rel
849 2715 889 2779 19
913 2738 943 2801 p.
968 2715 1002 2782 Ο.
1026 2739 1056 2778 n.
1081 2714 1207 2800 scripsit.

141 2839 221 2920 Quia
256 2840 370 2906 bonum
402 2849 523 2907 tanturn
546 2840 669 2907 initium
691 2840 802 2905 Tiberii
825 2839 1009 2925 principatus
1032 2838 1124 2918 vidit,
1148 2860 1209 2902 non

176 3108 197 3169 ¹)
216 3109 267 3160 Vel.
284 3110 348 3159 Max.
367 3109 378 3158 l
395 3108 478 3158 Prael.

174 3211 197 3274 ⁹)
241 3228 253 3258 n
309 3227 321 3258 a
366 3210 387 3260 ll
405 3209 489 3260 Praef.

174 3312 197 3377 3)
241 3330 253 3361 u
308 3330 319 3361 a
367 3313 389 3362 ll
406 3311 430 3376 9,
448 3311 472 3362 6.

174 3413 197 3465 ⁴l
241 3432 253 3462 a
308 3432 319 3462 n
364 3415 398 3465 IX
415 3414 457 3482 11,
473 3414 497 3465 4.

175 3517 197 3580 ⁵)
242 3535 253 3565 a
308 3534 320 3566 a
367 3516 481 3569 vt1113.

174 3619 197 3683 ⁰)
242 3637 254 3669 n
308 3648 321 3675 n
366 3619 428 3684 V5,
446 3619 470 3670 3.

176 3722 198 3788 ⁷)
243 3741 255 3771 n
310 3739 322 3771 n
368 3724 403 3774 lv
420 3723 443 3785 3,
461 3722 489 3774 3.

174 3827 197 3890 8)
242 3845 253 3877 a
308 3842 321 3874 a
368 3826 402 3876 lx
418 3823 458 3890 ll,
477 3826 501 3876 4.

174 3929 452 3994 ⁹)Sen.Suas1117.

178 4036 211 4100 ¹⁰)
248 4051 259 4083 a
332 4049 344 4081 n
379 4028 458 4080 1112.

177 4138 211 4203 Η)
249 4153 261 4186 a
333 4151 345 4185 a
381 4135 414 4184 lll
432 4133 472 4184 Ὦ.
