2842 4920
688 375 729 440 33

173 594 294 678 gionem
317 592 418 656 omnia
440 592 548 675 exequi
571 599 601 656 et
624 591 723 655 omnia
746 591 866 674 negotia
888 591 920 653 in
944 613 975 653 se
994 590 1142 675 suscipere
1154 591 1240 669 velle,

173 740 271 802 neque
307 740 449 800 nmquam
483 715 616 779 officinm
637 715 721 800 parvi
744 715 891 799 pendere,
915 714 969 802 qui
992 715 1062 778 solit
1063 714 1188 780 udinem
1211 724 1242 780 et

172 841 269 905 otium
302 840 479 926 appetiverit
514 839 632 923 etqui
662 846 730 924 post
767 839 811 902 vit
812 862 903 903 am
881 839 1012 923 jamt
966 846 1012 902 tot
1034 838 1241 904 laboribust
1212 848 1241 905 et

174 964 318 1029 molestiis
341 963 501 1028 exercitam
523 962 686 1048 providerit
673 963 791 1026 ttmul
778 970 823 1026 tas
846 962 958 1026 sollioit
960 962 1114 1027 udinese
1127 986 1242 1028 aerum-

174 1111 227 1152 nas
262 1087 319 1152 sibi
348 1087 537 1173 impendere,
572 1109 683 1149 munus
706 1094 769 1150 tam
794 1087 916 1150 difficile
940 1087 980 1150 sit
1003 1088 1166 1171 gravatus?
1200 1090 1243 1153 nt

174 1194 315 1299 opinione
339 1213 424 1297 vulgi
446 1212 630 1298 principatus
652 1218 715 1274 tam
739 1212 888 1296 optandus
911 1220 971 1291 est,
995 1219 1031 1276 ut
1042 1213 1242 1278 simulationis
1357 1238 1361 1247 ’

174 1344 312 1422 arguant,
336 1337 389 1421 qui
411 1359 480 1399 enm
503 1341 629 1400 recuset.
655 1335 714 1399 Sed
736 1358 797 1398 non
821 1357 929 1420 negare
952 1337 1049 1399 ausim
1071 1338 1136 1400 fieri
1146 1361 1243 1423 posse,

174 1469 210 1526 ut
229 1461 365 1526 Tiberius
379 1460 411 1524 id
423 1461 541 1540 feeerit,
557 1467 591 1523 ut
604 1485 621 1523 a
632 1467 738 1524 senatu
750 1467 873 1525 vocatus
885 1459 1051 1541 videretur,
1064 1461 1115 1524 sed
1127 1485 1165 1526 ne
1176 1471 1244 1527 tum

175 1585 296 1671 quidem
329 1584 467 1648 Tiberius
498 1583 664 1669 culpandus
687 1592 750 1664 est,
784 1584 855 1669 quia
877 1585 1078 1669 principatus,
1109 1587 1245 1672 legitimo

174 1711 370 1775 fundamento
404 1733 523 1790 carens,
553 1710 617 1773 'hac
642 1717 763 1774 tantum
785 1710 901 1773 ratione
926 1711 1094 1774 confirmari
1115 1720 1242 1797 poterat.

220 1837 259 1900 In
288 1837 343 1915 iis,
378 1858 454 1920 quae
477 1835 612 1920 Vellejus
643 1836 680 1899 de
711 1835 900 1898 ordinatione
923 1835 1116 1900 comitiorum
1137 1838 1242 1917 tradit,

176 1961 304 2046 legimus
345 1983 409 2024 eam
445 1982 537 2024 manu
573 1959 712 2044 scriptam
747 1959 785 2024 ab
819 1961 958 2043 Augusto
992 1961 1128 2025 relictam
1164 1986 1245 2042 esse,
1332 2015 1333 2018 ,

56 2111 58 2114 ’
175 2087 278 2171 itaque
300 2085 453 2150 Tiberium
476 2108 513 2148 ex
535 2093 692 2170 praecepto
717 2085 849 2169 Augusti
864 2086 973 2170 egisse,
998 2087 1107 2170 dequo
1120 2088 1244 2153 Tacitus

176 2220 271 2296 tacet,
305 2211 360 2275 ubi
391 2212 430 2275 de
465 2212 567 2275 eadem
601 2235 633 2274 re
667 2211 739 2296 agit.
766 2212 789 2289 1)
824 2211 937 2275 Tamen
966 2213 1023 2276 hae
1045 2215 1080 2277 in¹
1101 2238 1132 2279 re
1154 2215 1244 2279 fidem

177 2336 293 2422 Vellejo
315 2358 377 2399 non
399 2335 566 2420 negandam
586 2358 649 2399 esse
660 2358 785 2415 censeo,
808 2337 880 2420 quia
891 2337 1011 2421 saepius
1023 2338 1102 2422 apud
1113 2339 1244 2402 Dionem

179 2483 226 2525 me
259 2461 358 2546 legere
392 2462 514 2525 memini
538 2463 583 2549 2),
615 2469 743 2545 quantas
774 2461 925 2526 molestias
950 2485 985 2527 ex
1021 2463 1246 2550 perturbatione

177 2585 367 2650 comitiorum
403 2587 562 2671 Augustus
596 2585 721 2670 ceperit,
756 2587 837 2670 quod
859 2587 1032 2672 praesertim
1052 2589 1085 2650 in
1107 2609 1139 2651 re
1164 2588 1247 2652 inani

177 2736 350 2800 perversum
372 2715 440 2778 fuit.

223 2840 258 2904 II
282 2843 355 2904 125.
381 2840 495 2904 Seditio
517 2840 607 2924 longe
630 2840 718 2905 aliter
740 2840 791 2903 hic
814 2841 1244 2923 narrataestatqueaTaoito.

178 2964 278 3030 Illud:
316 2965 434 3040 „medio
467 2965 640 3028 tutissimus
674 2965 753 3029 ibis''
784 2964 840 3028 tali
868 2963 903 3027 in
941 2987 973 3028 re
1007 2965 1156 3049 optimum
1191 2972 1244 3029 est.

178 3089 312 3153 Maxime
334 3087 408 3152 haee
430 3110 478 3152 me
501 3088 672 3169 offendunt,
706 3087 788 3172 quod
811 3111 871 3152 uno
894 3087 986 3153 verbo
1009 3087 1046 3152 de
1068 3088 1247 3153 Germanico

178 3213 319 3297 transigit
341 3219 372 3277 et
394 3211 431 3276 de
454 3212 555 3276 Druso
579 3208 784 3300 compluribus¹
805 3213 922 3291 verbm,
944 3212 1114 3297 tnquuod
1127 3213 1246 3278 seditio·

180 3360 250 3401 nem
268 3338 411 3402 leviorem
435 3361 499 3401 esse
513 3338 623 3416 tradit,
646 3361 741 3423 quum
758 3339 854 3402 dicat:
882 3338 986 3405 obrevi
998 3339 1112 3423 sopiit''
1125 3346 1156 3401 et
1168 3337 1248 3422 quod

179 3462 315 3526 Tiberius
345 3462 460 3526 verbis:
499 3463 679 3527 amaturitas
704 3464 812 3527 veteris
835 3463 1023 3547 imperatoris
1047 3483 1113 3525 eam
1136 3460 1246 3545 sopiit'’

179 3586 325 3651 honorem
357 3587 450 3651 huius
480 3588 525 3651 rei
554 3590 630 3651 ferre
660 3587 789 3653 videtur.
815 3588 863 3650 Ex
884 3587 988 3658 Tacito
1013 3587 1037 3670 ³)
1062 3585 1119 3649 hoc
1142 3585 1247 3649 saltem

185 3785 400 3794 ——-n——

216 3896 310 3962 1)Tac.
329 3898 432 3948 dunt

215 3998 302 4062 ²)Dio
321 4001 373 4050 LIV
391 3999 436 4062 60,
456 4000 508 4049 LIV
525 3998 569 4049 10.

215 4100 409 4165 3)Τ110.111111
433 4102 452 4150 l.
469 4099 576 4150 16-50.
