2842 4920
689 352 729 412 15

174 563 223 627 cui
257 563 347 628 etiam
379 563 500 650 publice
534 564 636 629 osculo
670 564 784 628 dederit
813 570 844 627 et
867 586 983 649 semper
1003 562 1105 629 lemos
1128 564 1241 628 circum

174 709 206 751 se
228 686 377 753 habuisse.
400 689 425 773 ¹)
522 769 524 773 ἲ

219 812 366 876 Rumores
389 813 480 878 etiam
503 814 642 878 oriuntur
665 837 877 900 saepenumero
900 814 1241 898 exiis,quaehomines

175 936 407 1020 cogitationibus
429 938 491 1001 suis
514 939 642 1023 fingunt.
668 939 788 1003 Hirtius
811 945 842 1004 et
865 939 963 1002 Pensa
986 939 1090 1003 eodem
1109 946 1243 1024 tempore

175 1060 365 1142 occiderunt,
388 1062 469 1146 quod
491 1063 631 1148 Angusto
657 1086 718 1126 non
735 1063 1016 1149 iugmtumaccidit.
1044 1062 1179 1147 uDrgo'',
1199 1062 1242 1125 ito

176 1185 272 1264 aiunt,
284 1187 461 1271 „Augustus
473 1197 577 1253 auctor
588 1211 693 1253 corum
705 1189 809 1253 mortis
817 1189 884 1252 est’'
894 1190 927 1267 2).
938 1186 1075 1251 Tiberius
1084 1187 1243 1272 imperium

176 1309 301 1394 adeptus
331 1321 376 1374 est
399 1312 545 1376 mortibus
568 1313 704 1378 Marcelli
726 1321 758 1377 et
779 1312 813 1378 O.
839 1319 870 1377 et
893 1312 928 1376 L.
953 1312 1137 1377 Caesarum:
1172 1333 1243 1396 ergo

177 1440 273 1498 mater
296 1435 360 1520 ejus
381 1435 449 1500 illos
471 1436 629 1502 interfecit.
645 1436 671 1525 3)
694 1438 817 1523 Semper
832 1438 980 1502 clarorum
992 1437 1150 1501 hominum
1164 1459 1244 1500 mors

177 1582 266 1625 causa
289 1567 334 1625 est
355 1584 510 1626 rumorum
531 1563 683 1642 veneficii,
696 1564 814 1628 Drusus
825 1560 938 1627 Tiberii
951 1565 1042 1627 frater
1054 1560 1091 1625 ob
1105 1562 1244 1645 Angusto

176 1685 353 1750 interfectus
387 1708 449 1750 esse
483 1687 595 1752 dicitur
616 1687 665 1775 4);
702 1687 821 1752 Liviam
855 1688 1030 1773 Augustum
1061 1687 1244 1750 ccciiisses

178 1810 333 1873 nonnullis
355 1811 486 1874 truditur
499 1814 522 1896 ὅ)
533 1838 542 1889 3
554 1812 692 1876 Tiberius
702 1820 828 1898 putetur
840 1814 944 1877 mortis
957 1813 1129 1877 Germanioi
1140 1819 1245 1877 auctor·

178 1935 272 1998 fuisse
282 1935 308 2019 ⁶)
332 1941 362 1998 et
383 1935 476 1998 Drusi
489 1936 516 2023 ⁷)
539 1944 569 2000 et
590 1937 719 2022 legimus
731 1938 841 2003 liberos
853 1939 1014 2024 Agrippae,
1026 1961 1088 2002 uno
1100 1938 1246 2022 Vipsania

178 2066 319 2143 excepto,
344 2063 420 2123 ferro
443 2069 497 2125 out
519 2084 634 2126 veneno
657 2071 710 2126 aut
729 2063 981 2127 fameexstinctos
994 2062 1121 2125 creditos
1133 2083 1205 2126 esse.
1220 2062 1244 2139 ⁸)

181 2182 240 2246 Sed
263 2183 336 2267 quid
361 2185 465 2247 multis
489 2185 586 2250 verbis
610 2188 721 2251 utoriu
734 2185 992 2267 renonobsoura,
1017 2208 1111 2269 quum
1123 2184 1245 2249 Tacitus

1210 2309 1228 2333 Η

178 2309 242 2393 ipse
250 2311 379 2373 fateatur
388 2311 553 2374 statrociore
561 2333 676 2396 semper
684 2314 836 2396 semsergu
845 2311 1065 2375 dominantium
1074 2309 1207 2397 exitus⁹)
1232 2309 1245 2372 P

224 2432 268 2496 Ut
289 2433 364 2498 illuc
386 2434 467 2497 unde
490 2434 639 2518 digressus
662 2437 734 2515 sim,
753 2436 880 2517 redeam,
905 2442 1064 2520 postquam
1087 2436 1245 2517 Augustus

180 2556 334 2623 Tiberium
358 2557 415 2622 sibi
439 2559 570 2623 moribus
593 2567 656 2625 tem
675 2561 854 2624 dissimilem
877 2580 1075 2623 successorem
1095 2558 1246 2636 instituit,
1304 2561 1309 2570 “

181 2705 274 2766 quum
298 2683 496 2749 Germanicus
518 2685 697 2750 eisimilior
718 2693 808 2765 esset,
833 2691 936 2762 eruut,
949 2682 1060 2768 quibus
1070 2705 1246 2768 persuasum

181 2814 259 2872 esset
281 2830 350 2871 eum
373 2809 405 2873 id
428 2809 494 2873 ideo
517 2811 640 2889 fecisse,
664 2819 700 2875 ut
723 2810 832 2875 maiore
854 2811 1026 2895 gloriaipse
1039 2813 1186 2873 frueretur
1202 2808 1243 2887 ¹⁰).

181 2932 315 2997 Antonio
337 2934 503 2999 uon'odest
525 2936 624 2999 funeri
647 2935 836 3016 Germanioi,
861 2959 920 3021 qua
936 2937 970 2999 in
992 2957 1025 2998 re
1044 2936 1109 2998 sine
1121 2933 1246 2998 dubios

218 3084 238 3148 ¹)
256 3085 309 3136 Dio.
326 3085 448 3135 LXXVIII
466 3085 488 3136 7.
507 3087 575 3136 Haec
587 3088 699 3150 exempla
715 3087 812 3150 primus
827 3086 909 3136 attulit
918 3086 963 3138 Vir
978 3085 1012 3136 CI.
1023 3085 1109 3135 Nubes
1120 3085 1145 3134 in
1157 3084 1248 3149 dispu-

182 3190 280 3253 tatione
287 3203 364 3254 supra
371 3191 472 3241 laudata
480 3194 506 3240 et
518 3189 708 3255 »Grondslagen
718 3204 779 3239 voor
786 3190 818 3238 de
828 3189 974 3238 Initiekvan
982 3187 1162 3238 Diocassiusl’
1172 3185 1246 3236 1867.

214 3292 236 3356 ²)
253 3292 327 3343 Suet.
348 3293 412 3358 Aug.
429 3292 474 3344 11.

216 3393 239 3459 3)
255 3395 301 3444 Dio
318 3396 371 3445 LVI
388 3393 428 3450 33.
446 3395 508 3445 Tac.
531 3395 601 3445 Anu.
623 3396 645 3444 II
662 3394 702 3445 m.
719 3395 777 3444 Tac.
799 3395 863 3444 Arm.
881 3394 903 3444 I.
926 3393 949 3451 3,
969 3394 1000 3444 IV
1019 3392 1059 3442 7‘1.
1078 3392 1124 3450 nio
1143 3389 1247 3442 LVIII.

216 3495 238 3560 ¹³)
257 3498 329 3548 Suet.
351 3497 441 3548 Claud.
463 3497 487 3548 I.

215 3601 237 3667 ⁵)
254 3603 312 3654 Tac.
331 3601 396 3653 dnn.
414 3603 425 3651 Ι
441 3600 471 3663 5,
489 3600 536 3650 Dio
554 3602 607 3650 LVI
624 3599 664 3650 30.

216 3707 238 3771 θ)
279 3724 285 3754 r
357 3723 369 3753 u
413 3704 557 3768 Ilpassim·

227 3813 239 3874 )
274 3826 286 3857 o
358 3826 370 3858 u
414 3809 445 3859 IV
463 3806 503 3870 m,
523 3805 564 3857 II.

215 3911 237 3976 ⁸)
274 3929 285 3959 u
357 3928 369 3959 u
414 3909 507 3961 11119.

216 4013 227 4047 ⁹
275 4031 287 4060 u
359 4030 370 4059 u
415 4014 446 4062 lV
465 4011 506 4061 11.

277 4133 289 4162 »
361 4133 373 4162 o
417 4113 486 4173 110,
505 4116 576 4164 Suet.
599 4113 651 4164 Tib.
668 4112 708 4168 m,
729 4113 779 4162 Cui.
797 4113 821 4161 4.

274 3725 280 3754 )

217 3807 227 3842 7
