2842 4920
694 377 733 435 tta

176 614 270 655 unum
295 597 414 655 tantum
438 589 609 675 exemplum
633 588 712 674 apud
724 582 863 652 Tacitum
887 595 932 651 est
952 587 984 650 in
1003 586 1153 671 quendam
1175 586 1245 652 Sex.

176 715 305 780 Marium
317 716 350 793 ¹).
383 714 579 800 Inspiciamus
603 713 739 798 exenipla
763 712 908 778 Suetonii.
939 711 1088 776 Lentulus
1108 718 1191 775 matu
1215 717 1248 775 et

175 863 285 925 angore
304 840 342 904 ad
361 839 515 905 dastidium
531 839 609 903 vitae
624 863 641 903 a
657 837 776 903 'liberio
796 845 881 902 actus
902 858 964 900 esse
984 834 1104 913 dicitur,
1125 842 1161 899 ut
1181 836 1248 922 ejus

175 964 371 1029 hereditatum
391 963 493 1028 adiret.
520 964 610 1043 Quod
626 963 788 1027 admodum
802 961 927 1025 dubium
941 968 987 1025 cst
995 1009 1004 1039 ,
1026 959 1246 1044 quiaTiberius

175 1087 356 1152 hereditates
384 1110 444 1151 nou
467 1087 571 1152 adibat-
584 1089 608 1172 2)
632 1094 663 1152 et
685 1087 755 1171 quia
777 1086 916 1163 Tacitus,
940 1107 1035 1169 qaum
1058 1085 1096 1148 de
1119 1084 1246 1149 Lentuli

176 1220 271 1277 marte
291 1213 368 1297 agit,
389 1213 445 1277 hoc
461 1213 626 1290 omission,
649 1212 702 1296 qni
720 1218 822 1275 tamon
843 1210 915 1274 alias
935 1210 1119 1273 occasionem
1130 1208 1246 1275 Tiberii

176 1338 336 1404 accusandi
360 1360 507 1422 nusquam
531 1337 666 1422 negligit.

219 1462 334 1548 Lepida
355 1464 387 1527 in
409 1463 536 1546 gratiam
559 1461 681 1544 Quirini
704 1461 902 1525 condemnata
921 1458 1124 1538 essedicitur,
1147 1480 1244 1543 quum

174 1589 233 1653 alia
263 1611 369 1666 causa,
400 1586 480 1671 quod
504 1586 617 1671 Lepida
640 1607 755 1648 veneno
780 1583 945 1664 Quirinum
969 1581 1141 1667 petivisset,
1164 1582 1245 1667 apud

173 1712 310 1777 Tacitum
333 1711 504 1775 inveniatur
525 1712 562 1794 4).

218 1835 265 1900 De
286 1834 472 1921 principibus
485 1833 662 1910 Galliarum,
688 1833 912 1918 Hispaniarum,
932 1832 1033 1918 Syriae
1047 1839 1078 1897 et
1089 1833 1242 1909 Graeciae,

173 1984 248 2046 quos
284 1960 445 2025 Suetonius
479 1959 654 2023 confiscatos
689 1981 753 2021 esse
777 1957 866 2041 dicit,
899 1958 975 2022 nihil
1002 1959 1082 2044 apud
1104 1958 1243 2023 Tacitum

172 2086 357 2162 invenimus,
381 2084 437 2148 nisi
461 2083 541 2168 quod
564 2105 644 2146 unus
668 2081 735 2148 Sex.
771 2082 887 2147 Marius
911 2081 949 2147 ob
973 2083 1130 2168 pecuniam
1148 2083 1241 2146 inter·

173 2211 270 2273 fectus
292 2231 355 2272 esse
376 2209 495 2275 dieitur.

221 2333 385 2408 ''Plurimis
407 2335 579 2399 civitatibus
604 2343 634 2400 et
657 2336 781 2422 privatis
804 2335 1010 2399 immanitates
1034 2336 1122 2421 otjus
1136 2335 1240 2399 metal-

173 2458 272 2521 lorum
307 2458 474 2544 adempta'’.
512 2459 580 2524 Hoc
602 2461 701 2546 ipsum
737 2461 890 2545 egregium
922 2460 998 2539 fuit,
1029 2460 1080 2524 sed
1102 2460 1157 2540 iis,
1189 2461 1241 2545 qui

174 2583 316 2648 damnum
339 2583 541 2670 accipiebant,
565 2585 689 2649 minime
711 2585 834 2670 placuit.

218 2706 361 2771 Vonones
396 2707 434 2772 ob
467 2710 625 2793 pecuniam
659 2711 834 2774 interfectus
865 2733 928 2773 esse
951 2709 1070 2776 dicitur.
1105 2709 1242 2774 Revera

175 2831 334 2896 Remmius
366 2835 548 2899 conscientia
576 2834 696 2898 sceleris
718 2841 801 2899 actus
825 2842 855 2898 et
875 2839 958 2899 metu
989 2834 1093 2899 indicii
1116 2841 1243 2899 mortem

172 2961 293 3025 Vononi
316 2960 423 3024 intulit
436 2962 471 3044 ὅ).

216 3085 288 3170 Cap.
314 3090 364 3150 50.
391 3084 504 3148 Odium
525 3084 669 3149 adversus
681 3084 816 3148 Drusum
836 3078 954 3148 lia-trem
968 3083 1080 3169 injuria
1090 3083 1240 3169 objicitur.

172 3209 311 3273 Valerius
333 3209 486 3272 Maximus
511 3209 537 3295 8)
561 3215 592 3272 et
615 3208 726 3272 Seneca
749 3209 774 3287 ⁷)
799 3207 981 3272 contrarium
998 3209 1106 3272 docent
1117 3214 1148 3272 et
1159 3207 1239 3292 (lund

244 3460 302 3510 Tac.
321 3460 385 3509 nnn.
404 3457 497 3509 V125.

268 3590 273 3615 r
347 3591 357 3613 η
411 3562 443 3611 lll
461 3560 502 3611 18.

348 3695 359 3718 η
413 3667 445 3716 Ν
462 3665 502 3714 ll.

265 3796 270 3821 r
348 3797 358 3820 η
413 3769 446 3817 lll
463 3768 504 3817 23.

144 3933 147 3941 ¹
348 3900 359 3922 a
413 3871 492 3920 1168.

206 3975 228 4033 ⁴¹)
248 3974 297 4024 an.
317 3975 381 4023 Max.
400 3975 420 4024 V
438 3974 462 4024 5.
480 3974 504 4024 3.

207 4075 227 4139 ⁷)
245 4075 306 4126 San.
330 4076 403 4126 Cana.
423 4077 455 4126 ud
473 4077 557 4142 Pon-a.
575 4077 620 4127 XV
637 4076 664 4127 5.
