2842 4920
705 368 743 428 12

180 583 321 676 populus
354 578 507 644 Tiberium
551 600 610 643 non
649 578 812 655 amaverit3
846 578 985 663 princeps
1018 558 1171 658 liberalis,
1205 582 1261 664 qui

181 731 296 800 panem
335 711 366 769 et
403 704 547 770 circenses
589 705 696 783 dabat,
739 706 811 790 qui,
854 713 890 770 ut
932 708 1109 790 Augustus,
1144 707 1264 773 animos

182 835 349 905 hominum
383 832 524 898 comitate
559 832 616 899 sibi
649 831 845 911 conciliabat,
880 833 934 916 qui
968 833 1097 897 Romam
1119 833 1263 898 aedificiis

185 959 334 1042 ornabat,
365 956 418 1041 qui
448 957 575 1044 gloriam
602 957 762 1022 militarem
784 957 889 1043 populi
912 956 1042 1021 Romani
1065 955 1209 1042 augebat,
1234 957 1264 1021 ei

185 1092 295 1174 gratus
326 1090 389 1148 erat
411 1090 442 1148 et
463 1092 612 1169 acceptus
648 1081 739 1150 Plebs
761 1067 865 1146 infima
900 1081 1028 1145 maxime
1055 1080 1262 1146 delectabatur
1388 1145 1392 1153 ,

186 1207 341 1300 principe,
364 1207 417 1292 qui
438 1207 527 1272 ludos
551 1207 721 1292 magnificos
744 1206 860 1272 edebat.
885 1206 969 1271 Haec
991 1229 1081 1271 causa
1104 1213 1184 1287 erat,
1208 1225 1262 1271 eur

187 1333 330 1418 Caligula
359 1332 463 1419 populi
492 1331 589 1417 gratia
610 1333 746 1413 floreret,
769 1339 805 1396 ut
828 1321 951 1398 Flavius
973 1330 1125 1416 Josephus
1148 1330 1261 1395 diserte

186 1464 319 1528 testatur
330 1458 354 1543 1)
378 1465 409 1522 et
431 1479 485 1522 cur
500 1456 584 1543 plebs
604 1464 688 1542 grata
701 1456 843 1522 memoria
854 1457 1010 1522 Neronem
1020 1462 1268 1542 prosequeretur.¹

189 1581 305 1650 Tiberii
328 1588 423 1649 aetate
445 1581 532 1669 pauci
554 1570 619 1646 ludi
643 1580 808 1646 edebantur
831 1584 867 1667 Β),
890 1604 974 1666 quae·
986 1580 1163 1666 gravissima
1173 1603 1263 1646 causa

192 1705 313 1787 extitit,
336 1730 391 1772 cur
411 1707 549 1772 'liberius
572 1696 654 1792 plebi
676 1705 855 1791 displiceret.
880 1700 982 1772 Etiam
1004 1706 1120 1792 reliqua
1144 1705 1262 1785 omnia,

193 1831 305 1920 quibus
327 1831 465 1918 princeps
484 1831 593 1918 populo
606 1838 709 1917 gratus
720 1853 783 1895 esse
793 1837 909 1917 potest,
934 1830 1107 1916 negligebat
1117 1854 1151 1896 ao
1164 1852 1262 1915 neque

194 1956 336 2025 comitate
368 1980 466 2044 neque
488 1978 536 2034 aa,
570 1978 648 2040 quae
670 1956 781 2043 populo
803 1956 981 2042 placebant,
1018 1948 1154 2022 iaciendo
1177 1955 1262 2040 vulgi

195 2068 295 2148 studio
317 2083 452 2148 tenebat·
658 2081 661 2088 ’

240 2206 424 2287 Accedebat,
457 2207 539 2292 quod
572 2206 716 2293 permulti
748 2197 934 2272 incivitate
967 2206 1082 2271 nobiles
1111 2200 1263 2268 Juliorum

196 2336 326 2398 fautores
337 2332 472 2398 Claudiis
483 2330 725 2396 adversabantur.
750 2331 810 2395 Illa
822 2332 911 2396 factio
923 2332 1020 2416 gratia
1031 2331 1135 2417 populi
1146 2322 1263 2405 floruit,

196 2478 291 2542 quum
314 2456 386 2522 haec
405 2457 438 2521 in
456 2455 525 2519 odio
544 2461 629 2518 esset.
655 2455 888 2533 Germanicum,
909 2456 959 2521 cui
972 2463 1035 2520 erat
1055 2456 1129 2519 mira
1140 2452 1264 2519 comitas

197 2589 227 2646 et
246 2580 362 2646 diversa
372 2605 390 2646 a
400 2579 512 2645 Tiberii
524 2600 660 2643 sermone
673 2585 703 2644 et
714 2580 803 2644 vultu
814 2581 1022 2666 arrogantibus
1035 2588 1065 2644 et
1077 2578 1209 2644 obscuris
1223 2577 1264 2662 ³),

197 2704 250 2790 qui
272 2705 430 2771 clementia
452 2711 482 2769 ct
503 2703 701 2790 temperantia
722 2705 891 2790 praestabat
913 2709 938 2785 4)
947 2757 956 2788 ,
969 2705 1098 2769 maximo
1110 2703 1265 2779 amabant,

198 2827 278 2895 unde
309 2832 421 2894 lactum
449 2836 512 2909 est,
542 2835 578 2893 ut
610 2827 711 2893 studia
732 2829 818 2913 vulgi
846 2830 936 2895 etiam
959 2830 992 2892 in
1015 2828 1213 2914 Agrippinam
1235 2832 1265 2890 et

197 2953 307 3019 liberos
330 2953 512 3019 inclinarent
528 2960 561 3019 ct
578 2951 716 3017 Tiberius
739 2954 772 3017 in
796 2952 858 3018 dies
882 2953 977 3039 magis
1000 2953 1117 3016 invisus
1139 2953 1231 3018 ficret.

243 3077 360 3142 Habuit
391 3079 447 3143 hoc
476 3067 631 3156 Tiberine,
664 3085 699 3142 ut
721 3102 815 3164 quum
840 3079 967 3143 aliorum
991 3077 1149 3143 maledicta
1171 3099 1266 3161 aequo

197 3202 297 3266 animo
321 3206 410 3267 ferret
432 3211 500 3268 tum
521 3203 584 3288 ipse
606 3194 753 3288 saepe'illa
767 3203 883 3280 ederet,
896 3204 1069 3289 praesertim
1082 3201 1267 3287 principatus

175 3389 178 3402 ,
198 3327 306 3406 initio„
320 3351 416 3414 quum
439 3318 471 3392 in
495 3326 616 3394 civitate
628 3326 723 3391 libera
734 3327 869 3411 linguam
883 3318 1074 3412 mentemque
1084 3325 1192 3390 liberas
1204 3347 1268 3388 esse

199 3452 306 3518 debore
329 3451 520 3519 contenderet
544 3454 578 3532 ⁵),
600 3457 750 3536 postremo
772 3473 860 3533 vero,
883 3452 954 3537 quia
976 3452 1112 3515 homines
1135 3455 1266 3514 coutem-

200 3626 417 3637 ——.—

234 3692 251 3754 ¹)
271 3694 341 3743 Fluv.
364 3694 413 3743 Jos.
431 3693 489 3743 Ant.
507 3693 566 3743 Jud.
589 3692 655 3754 xlx,
675 3691 779 3755 1,)6..

233 3797 252 3856 9)
271 3795 332 3845 Tuo.
355 3795 424 3845 Auru.
448 3795 515 3858 154,
533 3796 564 3845 lV
582 3794 622 3857 6⁶2,
640 3794 710 3846 Suet.
728 3796 784 3846 Tib.
807 3796 847 3859 34,
866 3797 906 3860 47,
924 3799 985 3848 Seu.
1009 3798 1040 3846 de
1055 3811 1131 3861 prov.
1153 3794 1225 3845 1v4.

235 3897 256 3961 3)
273 3896 335 3946 Tac.
357 3899 422 3946 Ano.
442 3895 512 3947 133.
951 3917 953 3921 ’

234 3999 256 4063 ⁴)
301 4016 312 4047 n
385 4016 396 4046 n
441 3997 524 4052 1173.

235 4101 257 4166 ⁵)
274 4101 342 4153 Suet.
360 4102 416 4152 Tib.
438 4099 482 4150 28.
