2842 4920
659 388 722 452 ltu

159 602 361 686 interceptum
396 623 460 664 esse
473 601 508 685 1);
539 600 694 665 Tiberium
716 601 754 665 de
775 601 960 666 successione
983 599 1136 665 dubitasse
1150 603 1174 686 ⁹)
1202 609 1234 666 et

160 733 287 790 mortem
321 727 385 811 ejus
421 748 529 810 magno
558 726 668 810 gaudio
691 749 755 790 esso
776 734 950 811 acceptam,
979 725 1138 810 inprimis
1162 725 1233 811 quia

159 849 354 938 optimatibus
378 851 511 914 multum
534 850 685 917 nocuisset
697 849 733 937 8).

203 974 324 1039 Judicio
355 974 443 1039 Statii
454 972 481 1062 4)
511 974 549 1038 de
577 973 696 1038 Tiberio
719 997 780 1039 non
800 975 931 1041 multum
949 972 1143 1047 tribuendum
1169 981 1232 1053 ast,

159 1121 253 1183 quum
278 1099 415 1163 adulator
436 1097 619 1176 Domitiani,
643 1099 697 1182 qui
718 1098 873 1163 Tiberium
896 1097 1065 1173 aemulatus
1085 1106 1146 1178 est,
1171 1120 1234 1162 uon

160 1245 198 1286 ex
208 1245 304 1307 aequo
316 1222 353 1286 de
364 1245 399 1286 eo
408 1222 542 1308 judicare
553 1221 693 1308 potuerit.
709 1222 798 1302 Quod
812 1221 1039 1302 Quinctilianus
1053 1225 1076 1307 5)
1090 1222 1155 1308 ejus
1168 1244 1229 1286 rna·

159 1347 289 1432 gistrum
300 1346 493 1411 Theodorum
505 1348 598 1411 fuisse
609 1346 693 1432 dicit,
707 1347 768 1432 jam
780 1345 902 1411 aliunde
913 1352 1039 1412 constat.
1053 1346 1118 1411 Sub
1130 1346 1232 1412 Nerva

160 1480 190 1537 et
215 1471 341 1557 'Ibajano
368 1478 485 1557 praeter
511 1471 650 1536 Tacitum
682 1478 713 1536 et
741 1471 921 1535 Suetonium
951 1469 1107 1535 Tiberium
1136 1470 1234 1535 obiter

159 1601 394 1660 commemorant
420 1594 576 1658 luvenalis
604 1601 634 1659 et
665 1593 784 1659 Plinius
807 1593 919 1659 Minor.
943 1595 1135 1681 Quamquam
1158 1617 1235 1680 nego
1294 1595 1301 1604 '

159 1719 339 1783 Juvenalem
360 1718 420 1783 fide
431 1718 557 1804 dignum
570 1742 633 1784 esse
644 1719 676 1784 in
689 1719 847 1798 omnibus,
859 1742 938 1804 quae
949 1720 986 1785 de
998 1727 1095 1786 aetate
1104 1721 1233 1807 impera·

159 1845 237 1908 toria
262 1843 397 1929 scripsit,
427 1851 528 1908 tamen
551 1844 663 1909 bacin
686 1867 719 1909 re
741 1845 818 1911 nibil
842 1846 978 1911 inveniro
999 1846 1104 1931 potui,
1127 1869 1182 1911 cur
1205 1849 1232 1912 ei

159 1968 251 2032 fidem
277 1968 480 2053 denegandam
502 1975 648 2053 putarem.
666 1970 882 2055 Antequadum
894 1970 1002 2039 eximia
1015 1970 1102 2035 nobis
1113 1972 1232 2057 ruinam

167 2094 268 2181 Sejani
291 2094 431 2180 proponit
443 2097 477 2174 θ).
498 2095 616 2159 Plinius
641 2102 763 2159 excusat
786 2095 949 2160 lectoribus
968 2118 1017 2175 se,
1036 2098 1117 2181 quod
1128 2119 1235 2182 parum

162 2238 282 2285 severos
305 2241 408 2283 versus
425 2217 575 2304 scripserit
594 2218 737 2304 exemplo.
750 2217 862 2289 Tiberii
881 2243 912 2284 se
924 2220 1086 2284 defendens
1098 2220 1136 2305 ⁷),
1149 2223 1230 2306 quod

159 2343 281 2408 adversa
304 2346 402 2408 fronte
424 2350 539 2429 pugnat
561 2366 629 2408 eum
653 2343 767 2409 Tiberii
790 2343 924 2409 moribus
947 2350 980 2409 et
1001 2367 1071 2409 cum
1084 2343 1229 2430 iis,quae

161 2466 323 2531 Suetonius
347 2475 479 2549 namra-t,
507 2468 587 2553 quod
610 2470 768 2554 Augustus
780 2468 901 2533 Tiberio
912 2468 1141 2554 superveniente
1151 2469 1229 2533 hila-

159 2592 252 2655 riores
275 2613 425 2656 sermones
448 2592 638 2679 abrumperet
655 2595 689 2680 8).
712 2594 886 2658 Admodum
906 2592 999 2658 dubia
1010 2615 1080 2677 ergo
1092 2615 1139 2658 ras
1152 2594 1230 2659 mihi

160 2714 293 2796 videtur,
313 2718 366 2781 sed
385 2739 446 2781 non
465 2719 536 2784 satis
555 2718 711 2804 intelligo,
725 2742 786 2805 quo
799 2720 889 2789 modo
900 2717 956 2784 tali
967 2717 1000 2783 in
1011 2740 1043 2783 re
1057 2717 1175 2783 Plinius
1185 2720 1227 2783 fal

159 2861 208 2903 sus
220 2840 268 2904 sit.
281 2840 393 2905 Tamen
405 2841 487 2925 quod
499 2842 619 2906 Plinius
631 2842 668 2906 ad
677 2842 703 2928 ej
708 2867 742 2907 us
750 2844 959 2908 auctoritatem
967 2850 1117 2928 provocat,
1128 2866 1223 2928 quum

52 2957 54 2961 ⁷
160 2965 298 3029 consulto
320 2989 351 3030 se
373 2967 527 3030 Neronem
550 2967 711 3051 praeterire
723 2967 813 3047 dicit,
827 2967 976 3050 significat
986 2973 1121 3052 tempore
1132 2967 1230 3031 Plniii

159 3088 322 3173 imaginem
354 3089 466 3154 Tiberii
501 3091 635 3155 nondum
669 3099 732 3155 tam
765 3090 882 3155 tristem
918 3090 1018 3154 fuisse.
1056 3090 1125 3155 Alio
1160 3091 1226 3156 loco

196 3435 216 3498 ¹)
233 3436 301 3487 Flav.
317 3437 367 3487 Jos.
387 3436 444 3486 Aut.
462 3438 522 3487 Jud.
545 3434 585 3502 la,
604 3436 627 3487 2.

193 3538 281 3601 ²)»
353 3554 432 3588 »n
503 3539 688 3604 »laun

193 3639 281 3703 ³)»
352 3656 430 3688 nn
502 3639 699 3700 ,istiu

194 3742 217 3806 ⁴)
234 3741 296 3792 sut.
315 3741 379 3792 Sile.
400 3741 424 3806 3,
443 3742 466 3806 3,
484 3741 529 3792 66.

192 3847 214 3910 ⁵)
231 3845 317 3904 Quint.
333 3845 367 3894 111
388 3843 407 3908 l,
425 3845 470 3895 17.
495 3846 536 3897 cf.
558 3846 632 3896 Suet.
655 3846 712 3897 Tib.
735 3845 779 3898 67.

192 3948 214 4012 ⁶)
231 3949 286 3998 Juv.
304 3947 357 3999 Sat.
373 3948 397 3998 X
415 3947 455 4013 75,
474 3948 515 4001 92.

195 4049 486 4114 umamnaa

193 4134 414 4200 wmms
