2842 4920
681 390 744 453 106

183 605 276 683 σφῶν,
299 599 351 666 καὶ
370 598 405 678 ἐξ
419 600 514 666 edacia
533 597 647 674 εἴκοσιν.
671 598 717 675 οὓς
736 599 773 666 ἂν
792 601 1081 681 ὁκλῆροςᾶποφήνῃ,
1106 605 1249 681 Φρουροῖς,

182 725 282 800 lactata
310 724 346 791 clv
377 726 408 799 ἐς
437 726 471 790 τὸ
501 724 703 805 βουλευτήριον
733 725 806 807 ἐσίῃ,
836 722 962 805 ξιφίδια
993 724 1097 805 ἔχουσι
1120 727 1250 806 χρῆσθαι

180 853 378 934 ἐψηφίσαντο.
403 853 470 919 'Iac
497 854 576 917 Anu.
597 851 644 918 VI
669 856 704 918 8:
732 852 987 938 tsnamprincipen
1000 851 1247 938 arabatdeligere

176 984 343 1055 stinctum,
379 999 416 1041 cx
449 976 517 1062 quis
552 976 660 1064 viginti
694 984 774 1041 sorte
808 977 891 1042 ducti
926 984 957 1042 et
992 980 1070 1041 ferro
1104 977 1247 1055 accincti,

173 1101 311 1189 <picticae
334 1101 447 1167 curiam
470 1101 589 1180 inisset,
613 1102 742 1166 salutem
764 1101 828 1187 ejus
852 1100 1077 1167 defenderent.''

218 1225 329 1292 LVIII
354 1228 403 1291 la.
429 1225 584 1291 Sententia
595 1225 755 1291 verborum
765 1226 898 1291 Terentii
910 1233 947 1290 ut
957 1226 1026 1291 Tac.
1042 1228 1121 1293 Anu.
1135 1227 1182 1291 VI
1195 1230 1247 1292 14.

221 1351 325 1418 LVIII
350 1356 401 1418 22.
427 1350 571 1417 Plancina
593 1349 759 1415 inimicitiis
771 1351 957 1437 Agrippinae
977 1350 1113 1431 defensa,
1130 1353 1247 1417 utTao.

180 1479 260 1542 Aac.
286 1476 331 1540 Vl
358 1480 408 1542 32.
1240 1493 1242 1499 ’

223 1600 263 1664 lli
285 1599 343 1665 loci
368 1600 453 1665 l'acile
476 1599 580 1685 augeri
603 1605 739 1685 possunt.
770 1599 851 1680 Quia
870 1598 1033 1662 admodum
1054 1622 1149 1684 pauca
1172 1623 1250 1666 nova

182 1724 237 1789 bic
264 1723 317 1789 ‹lat
340 1729 370 1788 ct
392 1722 505 1808 ubique
527 1723 668 1809 congruit
690 1746 760 1787 oum
784 1723 929 1787 Suetonio
952 1730 1006 1788 aut
1027 1723 1149 1802 Tacito,
1184 1724 1250 1788 veri

178 1848 275 1914 similo
309 1857 354 1912 cast
389 1870 458 1913 oum
492 1854 546 1912 aut
579 1870 628 1912 eos
663 1845 837 1912 adhibuisse
860 1854 914 1911 aut
936 1846 1042 1912 iisdem
1064 1854 1154 1933 atque
1177 1848 1249 1913 illos

179 1973 312 2038 lontibus
347 1994 434 2038 usum
468 1994 541 2040 esse.
576 1970 645 2037 Iam
668 1993 718 2035 ecs
741 1971 823 2036 locos
846 1970 1043 2050 enumerabo,
1067 1972 1121 2037 ubi
1144 1973 1245 2037 Dioa

182 2097 307 2163 variam
330 2097 484 2163 ‹lollcxisso
507 2096 633 2164 videtur.

232 2222 286 2287 llio
310 2221 399 2286 LVII
427 2226 454 2287 1.
482 2222 639 2287 nTiborius
661 2222 805 2288 benevole
824 2221 1000 2307 accipiebat,
1020 2223 1248 2306 quemoderat;

185 2370 275 2433 apuam
283 2346 401 2411 animabat
411 2354 566 2431 tamquam
577 2346 674 2411 alieno
687 2347 829 2413 utebatur
836 2373 845 2425 3
857 2346 967 2432 quibus
978 2345 1161 2430 ignoscebat,
1175 2347 1249 2411 iras·

185 2471 320 2554 (callatim,
341 2492 411 2535 oum
431 2469 587 2535 miserebat
605 2471 686 2556 ejus,
707 2494 797 2556 quem
816 2470 999 2556 gravissimis
1012 2470 1119 2556 poenis
1143 2471 1251 2536 allide-¹

183 2594 265 2659 bat.'’
290 2593 457 2679 Descriptio
468 2616 586 2659 morum
597 2594 708 2659 Tiberii
719 2594 852 2659 ostendit
862 2594 992 2658 Dionem
1002 2594 1057 2658 hos
1072 2617 1166 2658 mores
1189 2617 1250 2658 non

183 2715 374 2785 intollcxissc.
386 2717 475 2804 Apud
483 2740 553 2782 caum
558 2717 709 2784 simulatio
716 2719 1072 2803 adsummumfastigium
1077 2719 1249 2786 adducitur.

228 2841 320 2909 LVII
344 2848 372 2910 2.
398 2842 445 2908 De
467 2842 653 2907 attenuatione
674 2842 793 2929 imperii
818 2842 866 2929 egi
889 2843 926 2907 ad
950 2842 1029 2908 Vell.
1055 2843 1091 2908 ΙΙ
1115 2847 1188 2909 124.

230 2966 322 3032 LVII
357 2972 385 3036 a.
422 2968 469 3034 lle
492 2976 589 3049 caieta,
624 2990 715 3054 quem
739 2966 939 3033 Germanicus
961 2967 1081 3032 'liberio
1105 2960 1249 3049 incussit,

185 3089 222 3155 ad
246 3092 328 3156 Suet.
351 3092 418 3158 llb.
444 3095 496 3157 25.

231 3214 323 3279 LVII
360 3219 409 3282 ll.
445 3216 575 3281 Fallitur
596 3216 674 3296 Dio,
705 3239 801 3302 quum
832 3215 906 3280 dicit
928 3216 1084 3282 'liberium
1107 3241 1193 3304 saepe
1215 3219 1253 3283 ad

185 3338 273 3405 ludus
294 3338 354 3419 im,
377 3346 414 3403 ut
435 3339 598 3404 Suetonius
621 3363 675 3405 nos
698 3339 785 3406 docet
799 3341 835 3428 ¹).

232 3463 326 3531 LVII
345 3466 394 3531 la.
408 3462 468 3529 Dio
479 3470 583 3530 colam
594 3463 736 3550 temporis
747 3464 877 3528 rationes
888 3485 978 3551 saepo
988 3474 1092 3551 peccat
1099 3515 1109 3546 ,
1124 3474 1252 3532 mortem

188 3590 305 3677 capitis
326 3588 456 3666 liborii,
479 3611 556 3675 quac
577 3596 647 3675 post
660 3588 753 3653 Drusi
771 3595 899 3653 mortam
911 3590 1012 3671 venit,
1034 3591 1193 3656 inannum
1210 3594 1251 3657 15

187 3716 327 3780 taanslml·
340 3714 374 3799 ⁹).

227 3998 246 4047 ll
261 4000 332 4052 Salat.
349 3997 407 4049 Tib.
430 3997 473 4049 lb.

225 4102 246 4165 ¹)
263 4101 321 4153 mc.
338 4102 405 4154 staua
422 4104 456 4155 IV
476 4103 515 4154 15.
642 4150 645 4156 .
