2842 4920
517 1250 889 1344 PRAEFATIO.

218 1734 303 1799 Inter
329 1756 375 1798 res
405 1740 625 1811 controversas,
660 1755 734 1818 quas
765 1733 971 1797 Romanorum
989 1731 1139 1797 Historia
1159 1754 1244 1818 prae-

109 1897 112 1901 ·
174 1859 276 1924 sertim
299 1867 396 1925 aetate
431 1859 620 1945 imperatoria
650 1858 728 1923 bene
757 1858 869 1922 multas
892 1855 1114 1942 inquirentibus
1137 1855 1242 1933 offert,

174 1986 233 2048 fere
267 1985 352 2049 nulla
385 1992 430 2049 est
463 2007 539 2068 quae
563 1983 701 2069 pluribus
726 1981 993 2069 disceptationibus
1017 1981 1118 2044 locum
1142 1980 1242 2059 dedit,

175 2130 263 2191 quum
292 2131 367 2193 quae
391 2108 428 2171 de
450 2107 570 2172 tiberio
594 2108 752 2172 momoriae
774 2107 996 2191 prodita-sunt.
1034 2106 1138 2186 Quum
1162 2104 1243 2169 enim

174 2255 191 2295 a
213 2233 355 2318 scriptore
377 2233 441 2297 eius
453 2233 595 2318 temporis
607 2233 724 2317 aequali
736 2232 836 2296 effusis
849 2231 1022 2295 cumulatus
1033 2231 1073 2294 sit
1083 2229 1224 2294 laudibus
1235 2278 1245 2310 ,

173 2363 238 2420 tum
261 2380 331 2421 vero
354 2357 391 2422 ab
414 2358 580 2436 historicis,
604 2357 657 2442 qui
682 2356 785 2420 multis
807 2356 893 2420 annis
912 2361 982 2440 post
992 2354 1104 2418 Tiberii
1116 2361 1243 2417 mortem

175 2499 270 2546 mores
294 2489 325 2547 et
346 2504 392 2546 res
414 2490 512 2567 gestas
535 2483 599 2546 cius
622 2490 815 2561 enarrarunt,
838 2480 1021 2566 gravissimis
1044 2486 1185 2544 oneratus
1197 2486 1242 2543 est

174 2606 440 2671 criminationibus.
466 2607 552 2687 Quae
573 2614 676 2670 autem
698 2605 736 2670 ab
759 2606 806 2668 his
829 2603 997 2691 posteritati
1018 2604 1129 2669 tradita
1152 2611 1239 2685 sunt,
1268 2618 1270 2623 ’

174 2731 262 2795 adeo>
280 2731 529 2816 praevaluerunt,
564 2738 599 2796 ut
630 2754 683 2816 per
702 2732 861 2816 *sequentia
885 2730 986 2795 secula
1009 2729 1109 2793 omnia
1131 2728 1244 2793 Tiberii

173 2854 271 2941 imago
312 2865 465 2942 tamquam
505 2858 675 2944 exemplum
708 2857 830 2943 pessimi
864 2857 1050 2941 imperatoris
1084 2856 1243 2919 hominum
1320 2903 1321 2906 ,

173 2980 327 3046 mentibus
349 2964 524 3047 inhaereret.
551 2983 633 3047 Ante
656 2983 710 3045 hos
727 2982 849 3046 demum
860 2978 971 3066 paucos
982 2982 1077 3045 annos
1089 2982 1244 3067 opiniones

173 3114 202 3170 et
222 3106 354 3192 judicia,
388 3129 465 3191 quae
487 3106 524 3171 de
548 3130 582 3171 eo
605 3110 762 3186 feruntur,
785 3107 867 3171 haud
891 3107 1081 3172 mediocriter
1104 3131 1245 3173 conversa

173 3237 244 3294 sunt
266 3237 296 3294 et
315 3238 505 3296 commutata.
530 3233 616 3310 Inter
640 3233 743 3297 doctos
765 3233 846 3309 enim
869 3256 931 3296 non
947 3233 1034 3317 pauci
1047 3233 1244 3311 exstiterunt,
1306 3241 1309 3245 ’

173 3356 225 3440 qui
247 3354 295 3421 vel
319 3356 438 3440 culpam
461 3356 575 3421 Tiberii
596 3365 763 3437 attenuare,
786 3357 834 3422 vel
849 3355 1026 3421 criminibus
1038 3379 1107 3420 eum
1119 3354 1244 3419 liberare

172 3490 367 3558 conarentur,
403 3481 491 3565 quid,
526 3480 608 3566 quod
643 3470 704 3546 non
735 3481 872 3560 defuere,
910 3481 962 3567 qui
995 3480 1152 3544 defendere
1174 3502 1241 3543 eum

173 3612 263 3690 atque
285 3605 407 3669 laudare
429 3605 581 3678 auderent.
607 3605 645 3668 In
669 3605 725 3670 hac
741 3604 916 3690 opinionum
928 3604 1123 3689 discrepantia
1137 3625 1243 3688 operae

173 3729 303 3813 pretium
342 3728 417 3792 mibi
455 3729 553 3792 visum
592 3736 638 3793 est
672 3736 809 3794 veterum
843 3728 1021 3813 scriptorum
1053 3726 1090 3790 de
1123 3726 1243 3791 'liberio

173 3840 345 3916 testimonia
367 3851 505 3936 diligenti
527 3842 705 3917 submittere
727 3853 864 3917 examini.
892 3851 987 3938 Opus
1011 3842 1167 3936 aggredior
1189 3873 1244 3916 nec

174 3975 307 4040 novitate
341 3980 372 4039 se
406 3976 620 4067 commendans
640 3984 686 4067 „et
712 3979 773 4041 fere
796 3977 910 4063 majuS,
945 4000 1036 4063 quam
1059 3976 1108 4040 cui
1130 3975 1243 4059 ingenii

175 4101 233 4164 mei
267 4101 344 4164 vires
380 4101 549 4180 sufficiant,
584 4103 634 4184 sed
659 4124 752 4187 quum
777 4101 878 4187 aliqua
899 4124 965 4186 spes
989 4124 1037 4188 me
1055 4107 1141 4181 tenet
1163 4104 1244 4177 fore,
