2842 4920
690 343 729 406 27

176 580 265 622 causa
298 555 374 620 mihi
410 555 502 620 fuisse
524 556 644 620 videtur
667 555 833 619 miserrima
855 553 992 619 oondioio
1014 555 1095 619 vitae
1116 552 1245 631 Tiberii,

175 681 256 767 quod
291 687 446 766 suspectus
478 687 543 745 erat
564 681 722 765 Augusto,
757 678 837 764 quod
860 700 938 742 uxor
960 679 988 741 ei
1010 679 1107 743 invisa
1130 685 1193 742 erat
1216 684 1245 740 et

176 806 257 890 quod
294 806 327 869 in
361 802 501 870 omnibus
534 804 623 870 rebus
656 804 817 891 nepotibus
839 804 975 889 Augusti
997 803 1244 889 postponebatur.

174 930 312 995 Tiberius
330 932 465 1015 requiem
483 937 516 995 et
533 929 728 995 solitudinem
741 951 858 1014 semper
870 927 1009 1008 amabat,
1032 927 1113 1012 quod
1123 933 1244 1012 postea,

175 1078 270 1140 quum
292 1054 419 1141 Capreas
438 1055 595 1134 secederet,
618 1053 761 1119 ostendit.
786 1053 853 1118 Hae
876 1059 1031 1116 causaest
1050 1074 1119 1115 oum
1138 1057 1246 1116 natura

175 1187 206 1244 et
230 1203 299 1244 oum
322 1179 379 1259 iis,
403 1201 479 1264 quae
500 1179 610 1243 tradita
632 1184 721 1257 sunt,
746 1184 927 1261 congruunt.

193 1303 388 1389 ,Descriptio
430 1303 531 1368 luctus
572 1302 718 1382 civitatis,
757 1324 853 1385 quum
886 1300 1024 1365 Tiberius
1060 1301 1241 1378 diseederet,
1358 1343 1360 1346 >

174 1427 385 1492 tantummodo
417 1450 455 1492 ex
484 1427 612 1491 rhetoris
635 1426 783 1512 ampulla,
818 1448 939 1489 nonen
962 1425 1088 1491 veritate
1110 1429 1243 1512 proseuta

175 1559 238 1631 est3
261 1551 399 1617 Tiberius
422 1552 503 1616 enim
526 1573 692 1636 numquam
713 1551 824 1637 populo
847 1558 951 1635 gratus
974 1558 1047 1617 erat.

220 1676 375 1741 Honorem
397 1676 517 1741 Tiberio
541 1675 640 1740 Rhodi
662 1674 803 1740 habitum
821 1698 884 1740 esse
904 1698 939 1739 eo
958 1699 1020 1740 non
1036 1677 1140 1756 oredo,
1163 1678 1243 1761 quod

178 1802 361 1882 Suetonius,
377 1802 430 1887 qui
442 1801 613 1867 adulatione
623 1800 700 1864 liber
712 1809 772 1879 est,
787 1801 860 1866 dioit
871 1824 941 1865 eum
951 1801 984 1865 in
996 1801 1058 1866 dies
1069 1802 1245 1868 inuisiorem

176 1935 208 1993 et
230 1926 478 2012 contemptionem
502 1928 613 1990 faotum
636 1947 699 1989 esse
713 1926 745 2003 1).

221 2048 338 2115 Verba:
364 2050 410 2114 asi
432 2050 486 2115 illa
503 2051 640 2137 majestas
661 2073 805 2134 umquam
825 2051 941 2136 privata
962 2051 1053 2131 fuit'’,
1075 2051 1243 2117 adulatoria

175 2198 296 2260 quoque
319 2184 399 2243 sunt.

221 2300 256 2364 ΙΙ
278 2299 353 2366 100.
380 2301 481 2365 Illud:
507 2301 621 2375 ssseusit
642 2308 793 2366 terrarum
804 2300 884 2364 orbis
896 2300 1066 2385 digressum
1078 2325 1095 2364 a
1107 2301 1244 2367 custodia

176 2425 333 2489 Neronem
356 2425 461 2490 urbis”
484 2425 597 2490 rhetori
621 2426 715 2510 magis
737 2425 878 2489 idoneum
901 2448 993 2510 quam
1015 2426 1169 2492 historice.

221 2549 256 2613 II
280 2552 352 2614 101.
378 2550 412 2616 Ο.
437 2549 543 2614 Caesar
561 2550 681 2615 Tiberio
705 2557 741 2614 ut
763 2550 908 2636 superiori
931 2550 1076 2615 honorem
1099 2550 1243 2615 habuisse

176 2680 324 2752 narratur,
346 2681 506 2759 postquam
526 2697 596 2738 oum
614 2697 648 2738 eo
660 2675 842 2741 convenerit.
867 2674 978 2740 Omnia
990 2677 1064 2740 hoec
1075 2675 1148 2740 falsa
1160 2684 1239 2741 sunt.

175 2796 314 2861 Tiberius
337 2821 398 2862 non
417 2806 481 2863 erat
503 2800 655 2884 superior,
679 2799 770 2886 (lajus
793 2823 853 2863 non
878 2802 963 2864 venit
973 2801 1011 2864 ad
1021 2800 1177 2865 Tiberium
1189 2800 1240 2864 sed

175 2920 313 2986 Tiberius
335 2922 373 2986 ad
396 2923 520 3008 Cajum,
548 2923 638 3009 Cajus
651 2947 711 2987 non
724 2924 751 2987 ei
762 2924 906 2988 honorem
919 2924 1027 2989 habuit
1038 2924 1090 2988 sed
1102 2924 1241 2990 liberius

176 3068 246 3110 eum
269 3047 458 3110 offensiorem
479 3047 614 3124 invenit,
638 3055 674 3112 ut
696 3048 859 3112 Suetonius
884 3049 1042 3113 memoriae
1060 3049 1193 3134 prodidit
1206 3051 1241 3134 ²).

221 3169 256 3235 ΙΙ
291 3172 365 3235 102.
402 3171 503 3235 Etiam
525 3171 575 3236 hio
597 3171 642 3238 M.
667 3171 785 3236 Lollius
808 3174 1005 3258 vituperatur.
1036 3174 1131 3255 Vide,
1167 3198 1243 3258 quae

176 3295 318 3358 annotavi
340 3294 378 3359 ad
400 3293 436 3359 Π
461 3299 512 3360 97.

221 3417 256 3481 Π
291 3422 364 3483 103.
402 3419 564 3505 Complura
587 3421 660 3485 falsa
682 3422 740 3485 hoo
764 3422 860 3508 eapite
883 3422 1080 3507 reperiuntur.
1105 3420 1242 3506 Vellejus

176 3541 249 3605 dioit
282 3542 436 3607 Tiberium
470 3544 577 3609 Rhodo
608 3568 763 3610 reversum
785 3546 953 3611 incredibili
976 3546 1091 3610 laetitia
1114 3545 1241 3631 petriam

176 3665 343 3751 replevisse.
368 3667 546 3751 Numquam
568 3667 706 3734 Tiberius
718 3670 871 3755 popularis
882 3668 941 3734 fuit
953 3669 977 3757 3)
991 3677 1022 3735 et
1033 3670 1106 3756 quid
1117 3670 1239 3735 tandem

213 3852 233 3915 1)
249 3850 318 3901 Suet.
336 3853 388 3903 Τὼ.
407 3852 447 3904 13.
465 3855 502 3907 Cf.
520 3855 597 3904 etiam
614 3855 672 3905 Tac.
690 3858 756 3906 Anu.
774 3855 855 3907 1142.
873 3856 918 3905 Dio
936 3856 1000 3905 LVII
1017 3854 1056 3905 17.

210 3954 232 4017 2)
250 3954 318 4004 Suet.
337 3955 392 4006 Tib.
410 3955 450 4005 12.

210 4056 233 4121 ³)

250 4056 309 4108 Tac.
326 4057 395 4108 Arm,
420 4057 452 4111 lv
470 4057 496 4109 7.
519 4059 565 4108 Dio
583 4061 646 4111 LVIl
664 4059 691 4111 3.
714 4060 777 4112 Plin.
793 4061 854 4112 Nat.
878 4061 943 4111 Hist.
966 4061 1056 4113 XXXV
1074 4063 1089 4112 4
1107 4061 1169 4127 (10).
