2842 4920
686 402 748 465 126

178 619 347 709 monstrum
365 614 515 700 quoddam
538 613 675 679 'liberius
698 615 883 701 depingitur,
907 614 944 679 de
954 615 1191 702 chronographis
1203 615 1244 703 1),

179 741 216 804 de
238 740 345 805 Oresio
354 740 398 828 9),
423 740 459 805 de
482 738 676 825 scriptoribus
698 741 891 826 Byzantinis,
915 741 1101 825 inquorum
1124 763 1250 805 numero

180 848 315 928 Zonaras
331 870 376 928 est
388 865 426 950 8),
450 864 504 949 qui
514 864 547 927 in
568 863 631 927 vita
641 863 752 928 liberii
763 872 884 929 tantum
896 865 1027 929 Dionem
1040 873 1070 929 et
1083 864 1249 929 Eusebium

178 988 318 1074 excerpit,
328 1070 330 1077 Ι
339 996 374 1069 et
390 989 516 1054 Malaios
528 989 555 1078 4)
567 997 599 1055 et
610 989 747 1056 Zosimus
761 995 783 1070 5)
796 992 957 1077 scriptores
968 991 1064 1077 inepti
1075 997 1106 1056 et
1117 991 1247 1070 ridiculi,

177 1114 215 1177 dc
237 1112 609 1200 grammatielsdenique,
633 1115 687 1200 qui
709 1115 821 1180 Tiberii
845 1116 1028 1180 mentionem
1051 1117 1246 1194 feceruntlji
1297 1206 1299 1210 .
1356 1212 1359 1218 .

179 1237 285 1302 Potius
297 1238 344 1302 bis
366 1256 511 1324 perpauca
520 1239 646 1316 'udde-m,
668 1248 704 1304 ut
722 1241 941 1325 demonstrem,
953 1240 1028 1326 quid
1040 1241 1249 1324 arehaeologio

179 1332 337 1427 vereatur
365 1363 457 1428 viam
481 1363 593 1428 moesi
616 1364 836 1430 ursmarum.

221 1486 373 1551 Plurimae
407 1494 522 1552 statuae
556 1487 668 1551 Tiberii
702 1495 804 1553 extant
817 1488 855 1576 ⁷),
885 1512 961 1573 quae
984 1513 1054 1553 oum
1078 1492 1189 1554 formae
1212 1498 1243 1556 et

177 1611 299 1676 habitus
323 1610 537 1697 descriptione,
562 1635 652 1696 quam
680 1581 845 1678 Suetonius
869 1622 900 1678 et
922 1614 1063 1678 Julianus
1085 1613 1248 1694 dederunt,

182 1962 392 1973 η--ιι--α

212 2128 233 2193 ¹)
250 2128 372 2179 Eusebius
389 2129 427 2180 ed.
445 2121 711 2195 Scelipdr'pagi‘sslli'.
731 2129 805 2181 ¹Unus
819 2144 893 2181 error
909 2130 964 2193 ejus
979 2135 1031 2188 est,
1050 2130 1117 2195 quod
1135 2131 1247 2181 secundo

177 2248 244 2282 anno
271 2232 386 2283 Asinium
413 2231 513 2283 Gallum
533 2233 773 2285 interlamumesse
791 2234 929 2284 memoriae
947 2233 1070 2297 prodidit,
1089 2232 1115 2282 in
1132 2247 1247 2288 errorem

177 2334 268 2384 ductus
293 2335 348 2384 loco
373 2335 460 2384 Dionis
486 2336 550 2387 LVlI
575 2334 599 2386 2.
626 2336 791 2388 Cassiodorus
816 2337 860 2387 dat
878 2335 1096 2385 tantumnomina
1114 2336 1247 2389 consulum

178 2437 339 2502 singulorum
356 2452 495 2487 annorum.
1075 2507 1077 2514 Ι

207 2541 228 2596 2)
247 2541 324 2590 Oros.
348 2540 392 2590 Vll
410 2540 426 2589 4
444 2538 546 2590 scribit:
569 2539 695 2591 »Tiberius
705 2555 735 2590 ex
754 2540 961 2593 mansuetissimo
971 2539 1081 2604 principe
1102 2541 1247 2591 saevissima

177 2641 258 2691 bestia
292 2641 403 2704 exarsit,
440 2644 499 2706 quia
535 2646 637 2692 senatus
672 2641 766 2691 obstitit
800 2641 854 2704 ejus
880 2641 983 2692 consilio
1010 2642 1138 2692 Christum
1168 2643 1247 2692 deum

176 2742 344 2793 declarandi.’'

209 2846 231 2909 ³)
249 2846 308 2896 Zon.
326 2845 356 2909 Χ,
374 2845 416 2898 ΧΙ.

208 2949 230 3012 ⁴)
247 2949 349 3000 Malalas
375 2950 397 3000 X
423 2966 483 3018 pag.
513 2951 563 3002 252
589 2952 628 3001 ed.
658 2951 741 3002 Boon.
775 2951 811 3001 Ab
841 2966 871 3001 eo
898 2951 1013 3001 Tiberius
1036 2950 1246 3012 oeruoarlmcl’

175 3052 323 3114 appelletur.

208 3153 227 3213 ⁵)
246 3152 359 3204 Zosimus
377 3154 428 3206 16.
446 3154 470 3207 3.
487 3156 552 3208 Dicit
569 3155 698 3206 Tiberium
715 3154 825 3218 Capreas
842 3156 974 3219 expulsum
992 3170 1060 3205 esse.

209 3255 278 3305 Adde
295 3255 439 3320 Syncellum
455 3272 515 3323 pag.
539 3256 589 3307 605
605 3259 644 3308 ed.
663 3258 746 3309 Bonn.

209 3357 232 3421 6)
254 3362 281 3407 ut
307 3358 412 3408 Photius
438 3358 488 3408 um
514 3375 573 3425 pag.
605 3359 667 3410 340.
701 3359 790 3409 Suidas
813 3360 835 3409 11
861 3358 919 3410 287.
937 3359 974 3409 De
1003 3357 1094 3408 'libero
1113 3358 1246 3409 oculorum

175 3459 233 3508 ritio
251 3460 361 3510 Isidorus
378 3461 443 3525 agit,
463 3461 494 3511 dc
510 3461 614 3511 urbibus
633 3461 706 3511 Asiae
725 3461 846 3510 restitutis
864 3461 988 3525 Phlegon.

209 3561 230 3625 7)
248 3562 397 3612 Notissimae
420 3569 499 3615 sunt:
515 3564 631 3615 'liberius
645 3563 744 3626 juvenis
762 3561 788 3611 in
807 3563 893 3611 Museo
902 3561 988 3611 Turini
998 3561 1111 3627 (Doruy,
1121 3561 1247 3612 l'llistoire

174 3666 219 3715 des
236 3665 357 3715 Romains
384 3681 410 3730 p.
430 3665 498 3730 125),
518 3672 602 3718 statua
620 3665 722 3730 Piperni
738 3663 841 3714 intents
858 3664 884 3714 iu
902 3664 990 3714 Museo
1007 3664 1127 3715 Vaticano
1145 3663 1246 3728 (Durny

174 3782 197 3832 p.
214 3766 284 3833 277),
301 3772 385 3817 statua
400 3768 467 3831 Vejis
486 3774 586 3833 reperta
604 3769 630 3818 in
648 3769 735 3818 Museo
744 3767 1027 3831 Cbiaramontiffluruy
1036 3782 1060 3830 p.
1070 3764 1139 3830 291),
1160 3771 1247 3817 statua

175 3869 279 3935 Capreis
296 3875 397 3933 reperta
414 3870 441 3919 in
459 3871 549 3921 Museo
567 3872 666 3920 Louvre
684 3869 784 3934 (Duruy
802 3886 826 3934 p.
844 3868 912 3933 142),
930 3869 1015 3934 imago
1033 3869 1122 3919 fronde
1131 3883 1247 3933 qucrnea

173 3977 292 4024 coronata
320 3973 345 4021 in
373 3974 458 4022 Museo
487 3975 586 4023 Louvre
611 3973 710 4037 (Duruy
735 3989 762 4037 p.
785 3970 853 4035 306),
878 3975 967 4021 statua
993 3970 1119 4022 Cerretris
1144 3971 1246 4022 inventa

174 4077 200 4127 in
218 4075 303 4125 Museo
321 4075 455 4138 Laterano,
466 4075 554 4142 imago
566 4076 591 4126 in
608 4076 694 4127 Museo
712 4074 891 4138 Chiaramonti,
910 4074 975 4125 duae
991 4073 1246 4140 imaginesinMuseo

175 4179 319 4242 Capitolino.
