2842 4920
693 354 734 414 88

176 592 313 634 severum
337 569 368 632 in
392 574 546 632 senectute
568 565 717 653 fuisse1);
741 565 863 629 Flavius
885 564 1035 650 Josepbus
1056 562 1194 648 loquitur
1210 563 1249 626 de

176 718 310 778 secessu,
327 700 407 758 tacet
418 693 454 756 de
465 690 652 757 libidinibus.
677 689 723 753 De
734 688 877 773 gemmis,
890 711 966 774 quae
978 688 1100 774 Capreis
1112 694 1248 773 repertae

177 826 267 898 sunt,
290 825 393 904 postea
415 839 511 901 agam.

222 944 270 1007 Ex
292 942 340 1006 bis
362 948 445 1027 patet
467 947 520 1004 aut
541 937 681 1004 libidines
703 937 772 1002 illos
794 939 881 1002 fictas
904 945 957 1003 aut
979 937 1086 1003 saltem
1105 935 1137 1001 in
1150 935 1249 1022 majus

179 1075 281 1132 auctas
305 1090 377 1131 esse.

223 1192 295 1277 Cap.
330 1195 382 1256 46.
417 1189 571 1254 Tiberium
605 1188 747 1275 pecuniae
775 1210 898 1274 parcum
920 1211 954 1251 ac
976 1193 1112 1251 tenacem
1137 1184 1249 1264 fuisse,

178 1317 225 1380 vel
248 1339 283 1381 co
306 1317 513 1399 confirmatur,
543 1314 625 1398 quod
648 1337 771 1398 magnas
795 1336 864 1399 opes
887 1312 1009 1397 reliquit
1023 1314 1047 1396 2)
1073 1311 1124 1375 sed
1145 1317 1249 1374 tamen

177 1463 229 1526 por
251 1441 377 1505 honesta
398 1438 563 1524 erogandae
584 1438 728 1523 pecuniae
751 1438 880 1524 cupidus
904 1438 1014 1524 fuit3).
1074 1434 1079 1442 ’

222 1564 292 1650 Cap.
307 1567 358 1628 47.
375 1562 491 1627 uNulla
502 1584 590 1647 opera
601 1562 704 1629 tecit'’.
717 1561 880 1626 Suetonius
896 1563 929 1626 in
940 1563 1120 1627 contrariam
1129 1568 1244 1647 partem

179 1695 281 1774 peccat
312 1695 403 1772 utque
437 1686 624 1775 Vellejus4),
659 1688 712 1772 qui
744 1687 836 1752 dicit:
864 1688 1005 1769 ‘'Quontc
1027 1709 1117 1772 opera
1138 1687 1248 1750 secitl”

179 1813 316 1898 Suscepit
349 1811 487 1876 Tiberius
522 1819 553 1875 et
586 1811 710 1896 perfecit
732 1812 865 1897 Augusti
892 1813 1040 1898 templum
1061 1819 1091 1876 et
1114 1810 1250 1896 Pompeji

179 1937 331 2002 theatrum
345 1939 387 2024 ⁶),
411 1959 488 2021 quae
510 1943 609 2002 tamen
634 1959 696 2000 non
718 1937 899 2003 dedicavisse
921 1938 1041 2004 videtur
1063 1944 1094 2001 et
1117 1936 1155 2001 ob
1179 1959 1249 2001 con·

180 2071 330 2150 temptum
353 2062 465 2148 gloriae
485 2069 515 2126 et
525 2068 647 2148 propter
658 2070 797 2148 sumptus
807 2061 1001 2140 immodicos,
1015 2084 1090 2146 quos
1102 2060 1250 2125 dedicatio

181 2211 250 2253 cum
273 2187 353 2251 ludis
376 2188 535 2273 conjuncta
557 2188 683 2254 afferret.

232 2311 347 2375 alaudis
369 2333 435 2375 raro
458 2310 628 2378 interfuit''.
653 2311 700 2376 De
723 2335 757 2375 ca
778 2335 811 2376 re
834 2312 883 2397 egi
905 2311 942 2375 ad
959 2310 1029 2376 Tac.
1055 2311 1072 2374 I
1096 2312 1146 2374 76.

226 2436 364 2521 Inopia-m
387 2442 559 2500 senatorum
582 2459 643 2499 non
662 2435 1015 2515 sustentavissedicitur,
1039 2433 1120 2518 quod
1130 2433 1250 2498 Tacitus

182 2566 293 2626 retutat
326 2559 462 2645 exemplo
494 2559 643 2644 Propertii
672 2559 786 2625 Celeris
810 2563 834 2640 6)
858 2569 889 2624 et
910 2559 1073 2624 liberorum
1092 2557 1214 2622 Hortarii
1225 2557 1250 2636 7)

182 2684 333 2750 otverbis:
349 2706 456 2768 rssaepe
465 2682 621 2747 honestam
632 2684 840 2748 innocentium
851 2691 1058 2770 paupertatem
1070 2683 1203 2748 levavit”
1212 2681 1251 2768 8)·

183 2809 301 2897 lnjuria
322 2809 529 2894 vituperatur,
554 2808 634 2893 quod
657 2831 707 2872 eos
730 2832 833 2874 causas
845 2809 963 2874 senatui
974 2808 1099 2894 probare
1107 2807 1250 2894 jusserit,

185 2943 218 3001 ut
252 2936 313 3022 jam
348 2934 411 2999 dixi
445 2934 483 2998 ad
512 2933 582 3000 Tuo.
606 2935 623 2999 I
649 2936 687 2999 75
723 2940 755 2997 et
787 2933 950 3030 Hortalum
985 2956 1045 2996 non
1076 2932 1191 3018 pudore
1221 2939 1251 2996 et

185 3061 330 3126 modestia
341 3047 518 3126 deterritum
528 3085 602 3142 esse,
613 3084 651 3125 ne
658 3061 818 3147 pecuniam
830 3069 958 3147 rogaret,
972 3084 1007 3124 cx
1017 3059 1122 3124 Tacito
1131 3061 1249 3144 pauc).

219 3247 239 3311 1)
257 3248 322 3296 Ptin.
345 3247 402 3296 Nat.
421 3247 484 3296 Hist.
503 3247 606 3297 XXVHI
622 3248 638 3297 2
656 3248 710 3312 (5),
730 3249 787 3299 xlv
805 3249 838 3298 ‘22
855 3248 922 3312 (38).

218 3349 241 3411 ἲ)
259 3349 326 3398 Suet.
344 3349 398 3398 Cal.
421 3348 453 3397 37
463 3387 469 3410 ,
488 3349 549 3399 Nor.
566 3348 610 3398 30.

218 3452 240 3509 3)
257 3451 318 3503 Tac.
341 3451 410 3500 Ann.
433 3450 506 3513 175,
525 3451 546 3500 11
563 3450 609 3514 ta,
628 3452 649 3500 ll
667 3450 713 3514 86,
732 3452 765 3500 ΙΙΙ
786 3450 827 3500 18.

219 3554 241 3610 ⁴)
258 3552 320 3604 Vell.
338 3554 359 3602 ll
377 3552 435 3604 130.

219 3657 241 3717 5)
258 3656 319 3706 Tac.
343 3657 409 3705 Ann.
428 3657 459 3706 Vl
477 3655 521 3706 51.

220 3759 242 3821 ὓ)
279 3775 290 3804 a
363 3775 374 3804 a
427 3757 495 3808 175.

221 3860 242 3923 7)
280 3878 291 3906 a
363 3877 374 3906 a
428 3861 511 3910 1138.

220 3964 240 4022 Β)
279 3979 289 4007 a
362 3978 373 4008 a
427 3961 448 4010 ll
466 3961 506 4013 48.

221 4065 242 4126 ⁵¹)
280 4080 290 4109 a
362 4080 373 4111 r
427 4063 507 4112 1138.
