2842 4920
704 390 722 448 :3

177 598 333 684 Maeanlay
357 597 382 686 1)
407 607 437 662 et
453 598 586 683 Wigand
599 598 644 687 ⁹),
667 599 720 682 qui
732 599 769 662 de
781 598 900 663 Tiberio
912 599 1027 684 aliquid
1042 601 1242 685 seripserunt,

174 746 314 807 magnam
336 724 425 787 fidem
449 723 504 799 iis,
528 746 605 808 quae
629 723 789 787 memoriae
811 725 929 810 prodita
952 725 1031 804 sint,
1055 725 1200 791 tribuant.

219 849 255 913 G.
282 849 319 912 R.
344 850 459 914 Sievers
482 848 598 934 primus
621 850 718 913 multo
742 851 880 914 acumine
904 858 935 914 et
958 873 1075 914 summa
1087 852 1244 936 diligentia

175 974 288 1052 omnia,
312 996 389 1058 quae
411 974 532 1038 Tacitus
556 976 715 1040 memoriae
737 975 887 1061 prodidit,
911 976 1091 1040 examinavit
1111 977 1143 1040 in
1156 999 1243 1061 opus·

174 1099 242 1163 0010
264 1121 342 1163 01100
364 1098 551 1163 1850011110.
577 1097 735 1181 Ostendit,
760 1124 851 1185 quam
863 1123 950 1185 saepe
962 1100 1084 1165 Tacitus
1094 1102 1242 1187 judicium

174 1222 313 1307 iniquum
335 1223 456 1300 tulerit,
475 1245 583 1288 vcausas
611 1225 775 1310 majestatis
787 1224 926 1308 collegit,
950 1225 1029 1288 inter
1041 1248 1115 1309 quas
1128 1227 1242 1290 multae

175 1355 261 1425 sunt,
295 1347 328 1410 in
363 1347 473 1432 quibus
495 1347 633 1412 Tiberius
657 1372 718 1413 non
740 1349 954 1434 vituperandus
978 1356 1042 1429 est,
1088 1349 1245 1415 Tiberium

175 1470 302 1536 absolvit
315 1471 439 1536 erimine
452 1473 554 1536 mortis
568 1472 751 1551 Germanici,
763 1479 794 1536 et
802 1471 952 1536 dubitavit
960 1472 997 1536 de
1006 1472 1157 1552 omnibus,
1167 1496 1243 1557 quae

175 1597 212 1661 de
227 1620 342 1662 secessu
358 1597 391 1662 in
408 1597 528 1683 Capreis
542 1605 717 1677 narrantur,
737 1597 867 1682 denique
883 1597 978 1662 vitam
989 1597 1101 1662 Tiberii
1113 1598 1245 1664 narravit

174 1722 239 1786 sine
254 1725 298 1786 ira
317 1729 348 1786 et
360 1722 476 1801 studio,
500 1745 595 1806 quum
615 1746 711 1807 neque
731 1722 858 1788 virtutes
879 1705 1002 1787 tantum
1021 1723 1127 1808 prodat
1148 1747 1245 1809 neque

176 1848 315 1913 omnibus
327 1848 409 1914 vitiis
414 1897 424 1928 ,
444 1871 521 1932 quae
536 1848 573 1911 de
589 1871 624 1912 eo
637 1849 796 1913 memoriae
807 1848 925 1934 prodita
940 1849 1020 1927 sint,
1044 1848 1132 1913 fidem
1145 1857 1244 1934 neget.

219 1972 330 2038 Tribus
354 1973 440 2037 annis
461 1979 529 2058 post
551 1972 590 2037 V.
604 1973 712 2058 Duruy
734 1972 847 2036 librum
870 1972 978 2053 edidit,
1002 1997 1062 2059 quo
1085 1976 1146 2038 fere
1166 1974 1246 2038 idem

176 2100 332 2165 ostendere
359 2107 484 2164 eonatus
508 2106 571 2177 est,
606 2122 701 2183 quum
732 2107 830 2162 tamen
854 2122 947 2184 paene
971 2106 1085 2163 eertum
1111 2100 1151 2163 sit
1174 2121 1244 2162 eum

176 2223 288 2288 librum
313 2223 450 2288 Sieversii
474 2245 534 2287 non
558 2222 729 2308 inspexisse.
762 2222 849 2302 Quae
871 2223 928 2288 hoe
950 2222 1028 2287 libro
1050 2221 1245 2287 contineban-

176 2355 244 2427 tur,
273 2347 372 2412 denuo
403 2347 555 2430 evulgavit
585 2346 617 2411 in
646 2348 796 2426 praeclaro
820 2370 908 2432 opere
934 2347 1088 2422 „Histoire
1112 2346 1246 2410 1100110-

177 2472 304 2537 mains''.
341 2472 380 2535 In
409 2471 471 2536 vita
501 2471 613 2535 Tiberii
646 2472 808 2536 enarranda
833 2472 940 2557 Duruy
962 2473 1050 2536 fidem
1073 2480 1162 2556 negat
1184 2479 1246 2536 tam

177 2595 358 2676 narrationi,
389 2618 448 2680 qua
478 2594 617 2659 Tiberius
648 2596 861 2660 Germanicum
892 2597 1076 2661 interfecisse
1105 2597 1246 2675 traditor,

177 2742 272 2803 quum
291 2742 393 2783 causas
413 2720 546 2804 singulas
565 2719 696 2784 aTaeito
708 2720 812 2785 allatas
825 2723 954 2797 refutet,
974 2742 1066 2804 quarn
1077 2719 1247 2784 rumoribus

177 2846 214 2909 de
229 2845 291 2909 vita
301 2843 464 2908 libidinosa
475 2844 596 2929 Capreis
604 2871 613 2924 3
632 2851 785 2930 praeterea
797 2845 999 2923 demonstrat,
1022 2867 1111 2928 quam
1124 2843 1247 2927 iniquus

178 2969 218 3033 sit
229 2968 366 3047 Tacitus,
386 2991 482 3054 quum
493 2970 644 3053 praeclara
655 2973 734 3034 faeta
750 2967 916 3047 describat3
941 2975 972 3032 at
983 2967 1073 3031 0111101
1084 2968 1248 3053 prudenter

178 3092 302 3156 modum
324 3099 426 3171 tenet,
450 3115 546 3178 quum
569 3116 630 3158 non
641 3099 732 3177 neget
744 3094 836 3156 finem
848 3092 933 3176 regni
944 3091 1056 3156 Tiberii
1068 3091 1147 3156 bono
1159 3091 1247 3154 initio

179 3217 302 3281 minime
324 3217 530 3302 respondisse,
554 3216 666 3304 quippe
684 3240 789 3302 quem,
814 3216 997 3309 delatoribps
1009 3216 1138 3280 nimium
1148 3214 1245 3280 tribu-

179 3348 287 3424 entem,
306 3342 393 3406 annis
408 3342 567 3428 postremis
583 3343 663 3407 vitae
675 3365 780 3408 verum
792 3349 954 3428 tyrannum
967 3342 1061 3426 egisse
1074 3340 1245 3405 contendat.

178 3465 286 3551 Duruy
320 3466 409 3530 laude
447 3489 564 3530 summa
602 3467 711 3552 dignus
742 3474 807 3544 est,
845 3467 925 3552 quod
947 3488 1078 3551 aequum
1099 3464 1247 3551 judicium

178 3589 252 3655 tulit
275 3597 305 3654 et
320 3612 502 3675 quamquam
513 3590 671 3655 Tiberium
683 3612 862 3676 magnopere
874 3589 1010 3654 laudavit
1022 3597 1052 3653 et
1064 3589 1097 3651 in
1106 3587 1248 3673 plurimis

178 3712 267 3778 rebus
290 3713 438 3790 defendit,
460 3722 562 3778 tamen
582 3737 644 3778 non
663 3714 796 3800 neglexit
812 3714 886 3779 vitia
907 3713 972 3777 eius
992 3712 1143 3790 indicare,
1168 3712 1248 3797 quod

178 3837 233 3902 tali
255 3837 287 3900 in
310 3860 341 3902 re
364 3861 425 3901 non
450 3839 537 3902 facile
560 3846 613 3904 est.

213 4017 234 4080 ¹)
251 4017 313 4069 Vide
330 4017 455 4079 Karsten,
474 4015 533 4066 Gids
551 4031 585 4065 111.
605 4017 678 4066 Mart.
697 4014 771 4066 18611.

214 4120 236 4182 ²)
253 4118 377 4183 Wigand,
396 4119 483 4168 Kaisar
500 4118 627 4180 Tiberius,
647 4117 725 4167 1840.
