2842 4920
689 376 728 437 87

169 611 286 651 summo
310 609 410 651 amore
432 586 554 665 dilexit,
586 609 681 671 quum
705 585 819 651 Juliam
830 636 840 665 ,
872 609 961 670 quam
986 609 1109 649 uxorem
1134 586 1242 649 ducere

170 719 290 776 coactus
303 713 356 786 sit,
371 712 466 775 oderit
479 713 514 796 1).
540 711 576 775 In
590 712 761 796 principatu
773 711 908 776 videmus
920 733 990 774 eum
1003 710 1094 774 nullis
1108 710 1243 794 volupta-

168 837 250 902 tibus
288 837 405 902 avocari
418 839 460 918 2),
494 837 648 922 complura
682 839 786 901 fecisse
814 838 851 901 ad
875 835 1093 923 impudicitiam
1117 835 1242 920 compri-

170 961 307 1026 mendam
345 969 375 1026 et
410 961 549 1025 libidines
580 963 681 1046 nepoti
704 962 897 1047 exprobrasse
909 964 943 1040 3).

213 1087 297 1150 Num
324 1087 385 1151 veri
409 1086 507 1150 simile
530 1095 573 1151 est
598 1087 689 1150 talem
712 1087 829 1164 virum,
853 1086 997 1149 LXXIII
1019 1109 1112 1150 annos
1137 1093 1242 1149 natum

168 1211 346 1276 foedissimis
378 1210 556 1275 libidinibus
587 1210 765 1287 indulsisse,
789 1233 884 1294 quum
913 1209 1088 1295 praesertim
1111 1209 1240 1272 sciamus

169 1334 323 1400 Tiberium
358 1358 474 1420 semper
502 1335 675 1399 valetudine
704 1357 844 1420 prospera
874 1357 964 1398 usum
986 1356 1067 1411 esse,
1102 1334 1184 1416 quod
1205 1332 1238 1396 in

168 1460 271 1540 tantis
285 1459 462 1524 libidinibus
485 1483 577 1545 paene
599 1459 663 1523 fieri
682 1483 742 1523 non
764 1459 921 1545 potuita),
945 1459 1110 1523 Antoniam
1132 1481 1239 1544 porro,

169 1584 326 1649 mulierem
337 1584 543 1668 gravissimam
553 1633 563 1662 ,
583 1584 656 1647 olim
668 1607 792 1648 uxorem
805 1584 914 1663 Drusi,
935 1585 1016 1670 apud
1028 1606 1097 1648 eum
1109 1584 1201 1647 fuisse
1215 1587 1239 1670 ᾗ)

169 1717 198 1773 et
232 1710 365 1774 Nervam
379 1708 405 1797 6)
416 1756 425 1785 ,
459 1731 550 1792 quem
584 1709 632 1774 vel
654 1709 776 1773 Tacitus
810 1708 914 1772 laudat
927 1707 963 1796 7).
987 1708 1119 1772 Tantum
1144 1731 1240 1772 unum

169 1842 279 1899 nomen
299 1835 461 1898 meretricis
476 1834 635 1898 memoriae
645 1834 800 1919 proditum
810 1842 855 1897 est
867 1834 901 1919 8).
927 1833 1032 1914 Quam.
1040 1833 1126 1897 facile
1137 1841 1239 1900 eutem

168 1980 303 2022 rumores
337 1959 418 2023 nasei
441 1965 582 2044 possent,
617 1960 714 2044 primo
738 1959 834 2044 eapite
857 1958 982 2024 ostendi.
1018 1956 1081 2022 Ubi
1102 1956 1240 2022 Tiberius

168 2083 305 2167 secessit,
328 2084 381 2167 qui
404 2083 461 2169 ipsi
482 2083 659 2148 libidinibus
688 2082 864 2167 indulgent,
893 2104 979 2147 verae
1000 2104 1106 2146 causae
1125 2083 1237 2168 ignari,

169 2214 204 2270 ut
225 2208 290 2272 fieri
315 2207 406 2287 solet,
430 2232 500 2272 eum
522 2208 589 2272 ideo
612 2208 764 2272 secessisse
786 2207 979 2288 arbitrantur,
1004 2214 1040 2271 ut
1062 2207 1239 2272 libidinibus

169 2331 336 2416 indulgeat.
362 2333 445 2398 Haec
468 2333 494 2396 ei
518 2331 736 2417 objiciebantur
758 2330 962 2410 sermonibus,
986 2331 1097 2396 libellis
1116 2333 1238 2397 famosis
1313 2416 1317 2422 .

168 2464 199 2521 et
218 2457 367 2539 dicteriis,
387 2480 464 2542 quae
475 2459 537 2543 ipse
552 2458 663 2523 inacta
674 2458 781 2521 diurna
793 2457 924 2521 inserere
935 2456 1050 2521 solebat
1061 2461 1095 2537 9).
1124 2459 1237 2523 Tamen

167 2605 228 2645 non
250 2582 463 2668 negligendum
481 2594 527 2647 est
547 2590 664 2669 praeter
680 2583 837 2668 scriptores
849 2582 966 2646 serioris
979 2584 1102 2663 aetatis,
1124 2583 1238 2648 nullius

169 2707 329 2785 momenti,
353 2707 432 2770 solos
455 2707 594 2772 Tacitum
617 2713 647 2772 et
663 2708 842 2773 Suetonium
854 2707 922 2771 illas
934 2706 1076 2773 libidines
1088 2709 1238 2793 tetigisse,

166 2853 295 2914 quorum
318 2831 440 2896 alterius
466 2831 539 2896 fides
563 2833 648 2910 odio,
672 2833 796 2896 alterius
820 2833 997 2897 credulitate
1022 2834 1236 2918 confringatur.

166 2953 294 3040 Seneca,
316 2979 410 3041 quum
429 2981 514 3044 saepe
532 2959 715 3022 occasionem
727 2958 979 3022 commemorandi
992 2958 1118 3037 habeat,
1139 2966 1236 3036 tacet;

168 3081 257 3145 etiam
269 3082 405 3160 Plinius,
418 3082 496 3169 apud
508 3106 597 3167 quem
610 3090 713 3147 contra
723 3082 894 3147 invenimus
904 3081 1060 3147 Tiberium
1072 3105 1195 3147 saevum
1207 3091 1237 3147 et

200 3277 220 3341 1)
237 3276 306 3327 Suet.
330 3278 426 3328 Tibi

202 3380 223 3442 2)
240 3380 299 3431 Tac.
318 3380 384 3431 Anu.
402 3379 499 3430 11137.

198 3481 219 3545 3)
237 3483 295 3533 Tac.
313 3483 377 3532 Anu.
395 3482 458 3533 V3.
524 3508 527 3512 ›

202 3584 223 3649 4)
241 3584 310 3634 Suet.
328 3584 385 3635 Tib.
406 3583 451 3634 68.

196 3688 218 3750 5)
235 3688 301 3738 Flav.
319 3689 373 3738 Jos.
392 3687 512 3745 xvluc,
532 3687 560 3738 6.

203 3792 300 3856 ⁰).Tac
320 3791 389 3840 Aun.
413 3790 445 3842 lV
464 3789 507 3840 58.

201 3897 222 3960 7)
239 3896 297 3945 Tac.
315 3896 384 3943 Ann.
406 3894 445 3945 VI
462 3892 506 3943 32.

200 4001 222 4065 Β)
240 3998 309 4048 Suet.
327 3997 381 4047 Tib.
398 3995 438 4047 43.

199 4102 221 4166 9)
239 4102 286 4153 Dio
304 4101 367 4153 LVll
385 4099 426 4150 23.
444 4100 481 4151 Cl.
500 4100 575 4151 LVlll
592 4099 633 4150 25.
