2842 4920
698 361 738 422 19

176 578 303 634 mortem
325 571 419 635 Drusi
442 571 470 634 ei
488 569 649 656 objectaret
662 572 686 655 1)
710 577 741 634 et
763 525 858 656 quum
879 570 1034 656 Caligulae
1045 570 1107 634 filio
1123 569 1248 633 Germe-

175 695 236 758 uici
270 702 300 758 et
332 696 517 780 Agrippinae
550 701 671 779 gratum
701 693 822 759 deberet
852 717 935 774 esse,
969 694 996 758 si
1024 693 1150 758 historia
1173 694 1248 779 ejus,

176 820 230 904 qui
252 826 379 883 matrem
401 827 433 884 et
454 822 559 883 fratres
582 825 729 898 necasset,
753 842 823 884 cum
843 819 912 883 odio
932 819 1121 905 scriberetur.
1143 819 1248 900 Quum

174 944 270 1028 igitur
290 952 483 1030 praeceptum
507 945 650 1010 Luciani:
675 968 758 1029 „non
781 945 974 1010 scribendum
997 952 1045 1010 est
1063 944 1246 1010 cumstudio

176 1089 274 1152 neque
295 1092 365 1133 cum
385 1069 450 1134 ira‘'
466 1071 489 1149 2)
513 1069 702 1155 negligatur,
725 1069 813 1134 nobis
833 1070 1069 1156 confugiendum
1081 1076 1126 1134 est
1138 1069 1176 1133 ad
1201 1093 1247 1135 ae-

174 1199 277 1271 tatem,
300 1215 376 1278 quae
397 1216 495 1278 neque
516 1194 661 1259 beneficio
682 1217 780 1279 neque
802 1195 915 1280 injuria
936 1195 1087 1280 principes
1111 1194 1248 1278 cognitos

175 1313 274 1382 habet.
311 1316 371 1381 Sed
404 1340 443 1382 ne
472 1318 552 1404 apud
584 1319 640 1383 hos
670 1320 829 1405 scriptores
853 1320 976 1404 quidem
1000 1320 1109 1384 veritas
1135 1317 1249 1402 ubique

175 1463 312 1528 expressa
333 1449 389 1521 est,
413 1444 500 1529 cujus
521 1443 606 1508 nulle
628 1451 675 1508 est
696 1445 816 1528 gravior
838 1467 926 1509 causa
950 1467 1040 1528 quam
1053 1451 1161 1508 natura
1183 1445 1246 1506 fon-

174 1567 271 1647 tium,
294 1567 456 1653 exquibus
477 1591 531 1632 sue
541 1568 723 1634 hauriebant
733 1575 764 1633 et
781 1570 814 1632 in
827 1568 942 1654 quibus
953 1567 1130 1634 adhibendis
1141 1567 1245 1632 sedulo

175 1712 332 1774 quaerere,
354 1691 428 1776 quid
450 1714 554 1756 verum
575 1699 770 1774 essetnecne,
794 1693 996 1778 negligebant.
1021 1694 1142 1758 Praeter
1153 1693 1247 1758 histo·

174 1815 286 1878 riarum
320 1815 414 1880 libros
447 1824 501 1882 aut
534 1840 603 1882 cnm
638 1819 737 1883 studio
768 1827 821 1883 eut
851 1841 921 1883 cum
953 1819 998 1884 ira
1031 1820 1157 1904 scriptos
1184 1816 1247 1881 illis

173 1947 292 2025 praesto
314 1949 398 2005 erant
421 1943 760 2028 monumentapublioa‚
784 1951 850 2008 acta
860 1951 985 2008 senatus
998 1950 1029 2007 et
1040 1950 1107 2007 acta
1118 1942 1245 2018 diurne,

175 2065 260 2143 lasti,
293 2065 435 2152 epistolae
457 2073 487 2131 et
510 2067 658 2132 orationes
680 2067 868 2154 principum,
901 2088 1132 2153 nonnumquam
1156 2065 1246 2130 etiam

175 2192 382 2255 commentarii
415 2190 453 2256 ab
482 2191 589 2256 iisdem
611 2193 756 2274 confecti,
790 2200 943 2277 praeterea
965 2190 1063 2256 libelli
1086 2189 1193 2256 famosi
1216 2196 1247 2253 et

175 2337 226 2393 ea,
260 2336 337 2399 quae
369 2315 426 2401 ipsi
449 2316 538 2380 fando
561 2316 748 2381 audiverant.
779 2315 827 2380 Ex
849 2316 898 2379 his
923 2314 1059 2380 fontibus
1081 2336 1134 2394 ee,
1170 2335 1246 2398 quae

173 2439 313 2520 Tacitus,
348 2438 510 2504 Suetonius
532 2446 563 2504 ct
585 2439 645 2503 Dio
668 2439 788 2505 Cassius
810 2439 970 2504 memoriae
993 2438 1146 2524 produnt,
1178 2460 1244 2522 pro-

174 2563 344 2641 fluxerunt,
378 2562 416 2627 de
449 2586 579 2648 quorum
613 2564 801 2649 singulorum
824 2564 955 2628 fontium
978 2564 1038 2628 fide
1057 2564 1119 2648 jam
1141 2562 1244 2647 paucis

174 2688 337 2753 videmus.

218 2813 297 2876 Acta
326 2819 447 2876 senatus
477 2813 533 2876 etsi
562 2822 630 2898 post
663 2814 840 2898 Augustum
862 2811 1010 2899 publicari
1039 2811 1192 2876 desierunt
1215 2818 1246 2875 et

172 2935 318 3020 plurima,
331 2958 408 3020 quae
420 2937 654 3015 continuerunt,
670 2937 703 3001 in
718 2945 785 3002 acte
796 2937 904 3000 diurna
915 2934 1132 3015 referebantur,
1143 2942 1245 2999 tamen

175 3057 346 3123 verisimile
364 3066 409 3123 est
419 3059 523 3124 Tacito
542 3067 573 3125 et
591 3061 734 3126 Suetonio
746 3060 862 3146 copiam
874 3083 979 3124 eorum
989 3058 1245 3145 inspiciendorum

175 3185 284 3247 factam
302 3204 376 3250 esee.
402 3185 481 3248 Acta
504 3184 611 3251 diurna
633 3209 703 3250 vero
727 3192 758 3250 et
784 3185 959 3264 Tacitumssj
973 3190 1004 3248 et
1027 3183 1206 3248 Suetonium
1218 3185 1244 3268 4)

174 3307 337 3394 inspexisse
377 3316 502 3375 constet.
546 3310 593 3375 Ex
635 3309 791 3374 nonnullis
821 3309 895 3374 locis
926 3310 1098 3394 conjectura
1127 3307 1244 3392 assequi

173 3455 351 3518 possumus,
385 3459 462 3520 quae
492 3437 524 3501 in
551 3437 626 3502 actis
647 3443 841 3523 ponerentur,
872 3436 923 3500 sed
955 3435 991 3499 de
1021 3435 1079 3499 fide
1109 3440 1243 3498 actorum

174 3558 252 3623 nihil
283 3566 416 3638 constat,
450 3582 540 3645 quam
571 3568 673 3626 tamen
697 3562 823 3624 nonita
846 3581 986 3644 magnam
1009 3559 1243 3644 fuissepcrsua·

210 3764 231 3830 ¹)
248 3765 307 3816 Tac.
325 3766 390 3815 Ann.
409 3765 443 3816 IV
463 3763 501 3815 ll.

206 3868 229 3931 ⁹)
247 3869 311 3918 Luc.
334 3867 389 3926 Quo
409 3867 485 3916 modo
504 3867 606 3918 historie
624 3867 756 3917 scribenda
775 3867 818 3916 sit.
841 3866 882 3929 38,
901 3865 942 3924 41,
959 3863 1003 3916 59.

214 3971 236 4036 ³)
253 3970 316 4020 Tac.
337 3969 403 4020 dnn.
421 3967 494 4032 1113,
515 3969 560 4019 XII
578 3969 622 4019 24.

214 4073 236 4137 ⁴)
253 4071 327 4122 Suet.
349 4071 402 4121 Tib.
420 4070 443 4121 5.
