2842 4920
672 378 711 442 77

157 587 310 653 hominem
323 589 494 670 militarem,
507 589 599 655 cedit.
612 589 769 653 Praeterea
781 593 976 652 monumenta
986 587 1106 673 publice
1118 588 1230 673 quibus

158 736 228 777 enm
251 737 341 778 usum
364 738 427 779 esse
446 737 483 779 ex
507 737 594 801 opere
606 722 742 800 apparet,
761 715 880 780 facilius
891 715 1046 780 consulere
1059 716 1163 800 potuit
1174 713 1230 778 sub

158 835 313 902 Hadriano
324 861 416 922 quem
427 838 483 904 sub
495 840 633 925 Trajeno,
655 862 750 924 quum
762 839 799 904 eb
811 839 866 903 illo
879 839 1076 925 epistolarum
1091 839 1233 924 magister

158 961 339 1047 appellatus,
374 963 408 1026 in
438 963 587 1029 tabulario
611 964 717 1028 omnia*
734 965 762 1028 ei
785 964 823 1028 ed
844 963 1088 1049 investigandum
1112 970 1230 1049 praesto

157 1093 265 1151 essent.
290 1087 417 1173 Scripsit
440 1088 537 1173 igitur
559 1088 616 1153 sub
640 1088 794 1153 Hadriano
818 1098 848 1153 et
871 1088 989 1174 scripsit
1000 1096 1069 1174 post
1080 1089 1228 1154 Tacitum.

202 1211 277 1296 Ejus
299 1211 433 1276 indolem
455 1235 493 1280 ex
504 1213 599 1282 Plinii
611 1212 745 1298 epistolis
757 1213 886 1276 maxime
899 1213 1114 1297 cognoscimus.
1140 1212 1225 1276 Som-

158 1336 209 1401 nio
247 1335 407 1400 exterritus
442 1336 605 1401 Suetonius
638 1343 742 1422 roget,
777 1343 813 1400 ut
844 1337 924 1401 actio
954 1338 1100 1404 referatur
1113 1336 1159 1421 ¹),
1192 1335 1232 1400 ob

159 1482 248 1543 quam
283 1482 346 1525 rem
381 1460 500 1526 Plinius
529 1462 629 1547 jocose
651 1483 721 1525 enm
744 1460 875 1546 corripit.
909 1459 974 1523 Nos
997 1483 1059 1525 non
1083 1461 1229 1524 miramur

161 1607 231 1650 eum
256 1608 290 1650 ea
313 1586 414 1650 indole
436 1585 468 1650 in
491 1586 555 1650 vita
576 1585 815 1672 privatasuisse,
839 1585 893 1670 qui
904 1590 955 1652 tot
965 1585 1102 1671 prodigia
1115 1587 1149 1649 in
1160 1608 1234 1670 opus

158 1710 328 1775 inseruerit.
353 1710 484 1775 Dubitat
507 1711 669 1775 Suetonius
697 1709 988 1796 scriptasueedere,
1011 1732 1118 1794 parum
1141 1709 1236 1795 igitur

159 1834 217 1899 sibi
233 1835 356 1899 confidit
370 1835 406 1921 l).
432 1835 557 1921 Scripsit
580 1836 698 1900 Plinius
722 1834 873 1920 quandem
897 1833 1103 1919 epistolamss),
1123 1857 1232 1918 exque

158 1960 248 2045 plena
269 1960 370 2043 imago
392 1959 530 2024 Suetonii
552 1959 639 2024 nobis
662 1959 797 2044 effulget.
822 1958 950 2043 Ignarus
974 1965 1019 2022 est
1046 1959 1129 2023 uitae
1153 1980 1230 2022 com·

161 2085 270 2163 munis,
295 2088 341 2148 est
364 2084 569 2165 scholasticus,
592 2091 628 2149 ut
650 2107 720 2149 eum
744 2084 863 2148 Plinius
885 2083 1035 2171 appellet,
1060 2091 1105 2147 est
1130 2082 1232 2147 doctor

158 2208 356 2289 umbraticus,
380 2208 563 2282 κατοικίδιος
587 2216 632 2292 ιη,
645 2210 754 2275 Graeci
777 2208 932 2296 dieunt4).
957 2206 1112 2272 Industria
1124 2207 1188 2293 ejus
1200 2228 1232 2270 re

160 2356 229 2398 vere
252 2332 342 2419 digna
366 2340 427 2412 est,
455 2357 546 2418 quam
569 2334 769 2414 admiremur,
795 2356 889 2418 quum
911 2333 1030 2398 facilius
1053 2334 1093 2397 sit
1115 2333 1230 2416 dicere,

158 2458 197 2522 de
230 2469 290 2542 quo
324 2480 386 2522 non
420 2459 573 2545 scripserit
605 2481 696 2543 quam
718 2481 752 2522 ee
777 2461 1026 2539 commemorare,
1060 2456 1233 2542 dequibus

161 2583 255 2667 egerit
265 2581 300 2670 5).
325 2583 433 2647 Totam
455 2584 550 2650 vitam
571 2584 719 2670 impendit
741 2583 828 2651 libris
850 2581 1004 2668 legendiS,
1028 2581 1233 2664 conferendis,

161 2707 370 2792 excerpendis,
404 2708 455 2773 sed
478 2708 579 2773 deficit
601 2730 671 2772 eum
692 2707 804 2792 ingenii
828 2705 954 2770 humani
976 2705 1109 2771 seientia.
1136 2705 1233 2770 Nullo

157 2832 289 2916 judicio,
324 2831 375 2896 sed
398 2832 502 2896 sedulo
525 2840 556 2897 et
578 2833 738 2918 diligenter
758 2832 872 2909 omnia,
907 2852 984 2913 quee
1008 2829 1233 2914 reperiebantur

161 2956 241 3042 apud
263 2959 437 3042 scriptores,
460 2956 663 3036 describebat,
687 2978 784 3041 neque
802 2953 1229 3020 curabetauotorumsuorum

161 3081 440 3146 dissimilitudinem
480 3089 510 3146 et
552 3082 800 3167 discrepantiam
840 3080 883 3144 ita
920 3101 996 3164 quee
1030 3079 1161 3164 repperit
1194 3080 1231 3144 de

161 3205 283 3269 homine
304 3205 443 3291 Caligula
465 3207 496 3271 in
520 3206 740 3292 prioreparte,
781 3227 858 3289 quee
876 3204 914 3268 de
937 3210 1071 3268 monstro
1095 3202 1233 3288 Caligula

159 3332 291 3410 invenit,
332 3332 365 3396 in
397 3331 560 3418 posteriore
594 3331 686 3396 Vitae
722 3337 806 3417 parte
836 3329 923 3415 ponit
951 3332 984 3414 ⁶).
1025 3329 1105 3392 Sunt
1140 3321 1234 3412 magis

177 3548 372 3559 ...---....-

198 3688 216 3751 1)
240 3689 302 3739 Plin.
322 3688 367 3752 Ep.
385 3688 396 3737 Ι
414 3686 455 3737 18.

196 3793 218 3855 ²)
242 3793 305 3842 Plin.
323 3793 367 3856 Ep.
385 3793 406 3841 V
423 3789 466 3843 10.
551 3821 553 3826 -

164 3924 167 3929 ·
198 3893 219 3953 ³)
240 3895 303 3944 Plin.
320 3894 364 3958 Ep.
382 3895 392 3943 Ι
411 3892 452 3943 24.
757 3945 761 3952 ,

205 3997 227 4062 ⁴)
245 3997 306 4047 Luc.
325 3995 380 4056 Quo
398 3995 475 4046 modo
492 3994 596 4045 historia
614 3993 747 4044 scribenda
764 3993 807 4042 sit.
829 3990 874 4042 37.

197 4099 220 4162 5)
238 4098 329 4149 Suides
349 4098 371 4148 ll
390 4115 417 4164 p.
439 4096 517 4149 1190.
