2842 4920
692 390 733 450 32

176 607 348 686 portatum
373 599 450 663 diem
473 600 507 683 1).
531 598 591 662 Dio
614 601 743 663 affirmat
767 599 869 683 plures
887 606 917 662 ct
935 599 1085 683 graviores
1106 606 1249 665 auctores

164 733 311 804 secutus,
334 723 453 789 Liviam
478 732 605 788 mortem
627 724 792 787 occultasse
812 745 909 806 neque
926 731 1017 808 negat
1035 723 1109 787 alios
1128 724 1249 789 tradere

177 849 330 913 Tiberium
354 849 392 914 ab
415 872 449 913 eo
473 849 612 912 mandata
633 848 779 934 accepisse
800 849 835 932 1).
859 847 899 911 Ι1
920 847 968 910 his
990 847 1068 911 nihil
1089 870 1144 933 pro
1162 856 1249 913 certo

177 982 307 1039 statuere
329 996 497 1059 possumus.

221 1098 255 1161 II
280 1101 352 1161 124.
389 1096 472 1176 Quid
502 1097 628 1161 senserit
657 1096 794 1162 11111111
816 1098 849 1161 11
870 1098 1034 1163 recusando
1056 1097 1247 1185 principatu,

176 1221 296 1286 difficile
331 1221 412 1285 dictu
447 1229 499 1286 est.
534 1221 669 1306 Vellejus
691 1222 783 1286 tradit
805 1241 874 1285 eum
897 1222 991 1306 magis
1014 1222 1129 1286 ratione
1152 1244 1246 1306 quam

176 1348 288 1411 honore
311 1346 425 1411 victum
448 1369 530 1424 esse,
554 1369 623 1410 cum
647 1347 792 1430 quidquid
816 1347 964 1410 tuendum
984 1369 1045 1410 non
1064 1347 1247 1432 suscepisset

175 1472 341 1557 periturum
376 1471 492 1535 videret
499 1498 509 1550 3
543 1479 630 1557 putat
664 1471 759 1556 igitur
793 1494 862 1536 eum
897 1495 934 1534 ex
968 1471 1061 1535 111111
1094 1471 1247 1536 sententia

176 1618 333 1661 recusasse.
358 1594 479 1659 'lbcitus
503 1603 604 1660 narrat
612 1599 624 1674 ,'
644 1592 799 1659 Tiberium
823 1618 854 1658 se
877 1600 987 1659 cuncta
1009 1595 1131 1679 regendi
1152 1616 1245 1659 onera

175 1720 293 1804 gravari
327 1718 456 1796 dixisse,
490 1720 541 1782 sed
574 1719 608 1782 in
641 1720 705 1804 ejus
727 1719 861 1783 oratione
882 1718 952 1804 plus
974 1718 1129 1802 dignitatis
1151 1740 1245 1803 quam

174 1845 244 1909 fidei
276 1846 368 1909 fuisse
399 1848 423 1930 8)
459 1853 489 1908 11
522 1867 593 1908 eum
626 1845 682 1908 hoc
717 1843 837 1923 fecisse,
873 1851 909 1908 11
941 1851 1064 1908 vocatus
1095 1850 1244 1908 asenatu

174 1969 326 2033 videretur
358 1977 389 2033 et
418 1991 574 2054 procerum
602 1968 772 2033 voluntates
793 1968 1002 2053 introspiceret
1024 1967 1061 2055 4).
1086 1968 1244 2033 Praeterea

174 2095 247 2159 dicit
281 2119 400 2159 causam
434 2094 595 2159 cunctandi
621 2093 711 2158 etiam
745 2093 823 2157 hanc
850 2093 960 2170 fuisse,
983 2115 1022 2156 ne
1044 2092 1243 2157 Germanicus

173 2219 283 2284 habere
301 2220 462 2304 imperium
480 2242 570 2304 quam
591 2227 759 2305 exspectare
777 2217 898 2297 mallet;
919 2218 1000 2303 quod
1016 2240 1078 2280 non
1088 2215 1242 2303 probabile

174 2350 236 2424 est,
260 2343 330 2428 quia
348 2343 467 2407 Tiberio
486 2365 582 2406 mores
603 2343 774 2408 Germanici
792 2365 854 2406 non
864 2342 962 2426 ignoti
971 2345 1065 2409 erant.
1079 2341 1242 2405 Suetonius

174 2469 310 2532 nominat
331 2468 548 2532 recusationem
568 2467 653 2532 illam
674 2467 967 2552 impudentissimum
987 2467 1114 2530 mimum
1138 2466 1164 2554 5)
1188 2464 1240 2529 sed

173 2591 257 2656 addit
280 2599 395 2656 metum
416 2593 508 2655 fuisse
530 2615 649 2656 causam
672 2591 832 2656 cunctandi
844 2593 868 2670 6)
892 2614 1021 2676 eumque
1043 2581 1167 2654 (11111111
1189 2613 1241 2664 nse

173 2717 279 2801 lupum
314 2716 436 2781 auribus
469 2716 603 2780 tene1·e.”
636 2716 696 2780 Dio
730 2720 822 2781 refert
854 2739 924 2780 eum
947 2738 1097 2780 recusasse
1120 2721 1241 2800 propter

173 2848 301 2904 aetatem
326 2848 357 2906 11
387 2843 491 2920 (risum
521 2843 647 2907 teneatis
658 2846 677 2921 1)
699 2850 820 2928 propter
842 2842 999 2906 oculorum
1023 2839 1237 2904 infirmitatem.

173 2965 275 3029 Etiam
316 2966 451 3052 plerique
491 2968 570 3032 inter
608 2966 787 3031 recentiores
825 2966 984 3051 scriptores
1019 2971 1130 3049 negant
1162 2963 1241 3028 hanc

173 3091 390 3155 recusationem
419 3115 520 3156 veram
550 3092 659 3171 fuisse,
691 3091 871 3176 quibuscum
903 3114 958 3176 ego
981 3098 1082 3154 tamen
1104 3112 1165 3152 non
1187 3088 1240 3153 vix

173 3214 341 3278 consentire
377 3237 507 3300 possum.
552 3215 663 3280 Nonne
697 3217 761 3280 fieri
794 3216 896 3303 potuit
927 3223 963 3280 ut
996 3213 1150 3294 11111111,
1185 3213 1240 3297 qui

173 3361 226 3422 per
259 3362 379 3403 omnem
413 3340 506 3404 vitam
541 3341 705 3406 ostenderit
738 3364 769 3405 se
803 3340 966 3404 secundum
1001 3338 1091 3403 fidem
1118 3345 1148 3401 11
1170 3336 1238 3401 1111-

208 3607 228 3670 ¹)
246 3608 314 3658 Suet.
333 3610 385 3660 Tib.
407 3609 447 3661 20.

205 3710 227 3772 2)
245 3711 291 3760 Dio
309 3712 364 3763 LVI
382 3711 427 3762 31.

175 3845 177 3849 «
206 3813 228 3877 3)
245 3814 303 3863 Tac.
321 3816 386 3865 Arm.
403 3815 415 3864 1
433 3815 473 3867 11.

205 3916 228 3979 ⁴)
245 3916 303 3965 Tac.
320 3917 385 3966 Arm.
404 3918 415 3966 1
433 3917 455 3968 7.

208 4016 230 4080 ⁵>
247 4016 321 4067 Suet.
344 4018 397 4068 Tib.
416 4019 455 4069 24.

207 4120 229 4183 6)
247 4119 319 4169 Suet.
342 4121 394 4171 Tib.
414 4121 453 4171 25.
