2842 4920
687 331 727 390 25

174 544 299 608 laborat.
335 541 446 606 Omnia
479 543 560 606 enim
594 543 631 606 ad
668 541 820 606 Tiberium
854 545 962 618 refert,
997 541 1084 625 quasi
1117 540 1241 606 historia

173 668 286 733 Tiberii
319 674 396 731 esset
426 666 551 732 historia
579 668 623 733 rei
651 667 797 752 publicae.
832 666 936 747 Quum
959 664 1097 729 Tiberius
1120 666 1241 749 adjutor

175 794 262 857 datus
293 793 333 857 sit
349 815 351 819 ’
367 793 467 856 Druso
480 791 514 877 ¹),
537 791 673 875 Vellejus
708 791 892 856 contrarium
925 791 1016 870 dicit,
1046 791 1100 874 qui
1121 813 1242 876 operam

175 918 246 997 dat,
269 925 305 981 ut
324 914 463 981 Tiberius
486 938 602 1001 semper
624 923 655 979 et
678 915 791 1000 ubique
814 916 952 982 emineat.

217 1043 254 1106 II
278 1046 329 1108 96.
354 1041 441 1121 Quae
464 1040 552 1104 modo
575 1040 695 1125 scripsi,
720 1039 810 1104 etiam
832 1041 890 1104 hoc
903 1041 999 1125 eapite
1011 1042 1235 1105 confirmantur.

173 1167 308 1252 Vellejus
331 1165 467 1228 nominat
489 1165 655 1250 Agrippam
677 1188 739 1228 non
750 1165 884 1250 Augusti
896 1165 1051 1249 generum,
1064 1166 1116 1229 sed
1126 1164 1243 1230 Tiberii

173 1314 318 1356 socerum.

218 1417 255 1480 II
284 1418 335 1481 97.
360 1413 404 1479 Μ.
428 1413 563 1492 Lollius,
589 1414 642 1498 qui
663 1414 804 1478 inimicus
827 1414 946 1478 Tiberio
971 1417 994 1492 2)
1018 1422 1080 1493 est,
1104 1415 1152 1479 his
1175 1439 1241 1481 ver-

173 1541 220 1606 bis
242 1539 448 1625 vituperatur:
476 1538 586 1602 nhomo
608 1539 640 1602 11
654 1539 754 1603 omnia
764 1539 907 1623 pecuniae
920 1562 1011 1623 quam
1022 1547 1101 1603 recte
1113 1540 1240 1604 faciendi

152 1731 154 1736 ,
173 1666 310 1751 cupidior
332 1671 363 1730 et
384 1663 473 1728 inter'
488 1663 638 1727 summam
662 1664 806 1728 vitiorum
829 1663 1088 1728 dissimilationem
1112 1664 1241 1728 vitiosis-

174 1790 300 1854 simus’'
335 1789 422 1870 Quae
453 1788 487 1852 11
515 1787 628 1851 Tiberii
650 1787 778 1872 gratizam
800 1787 912 1872 scripta
934 1810 998 1851 esse
1022 1788 1181 1868 ridentur,
1212 1791 1237 1853 si

172 1901 338 2001 judicium,
354 1913 436 1997 quod
447 1913 499 1977 alii
510 1912 663 1991 tulerunt,
681 1934 887 1997 comparamus
899 1920 930 1976 et
941 1912 973 1976 in
984 1912 1089 1997 primis
1100 1912 1224 1978 laudum
1231 1963 1241 1992 ,

174 2062 248 2123 quas
262 2037 408 2101 Horatius
418 2044 483 2101 tam
494 2037 624 2121 benigne
635 2036 662 2100 ei
674 2035 1144 2119 11111113),10110101101101110.
1158 2038 1241 2103 Haec

175 2163 264 2229 verba
287 2163 378 2227 etiam
390 2153 484 2226 'aliud
507 2162 580 2246 quid
601 2161 773 2240 continent,
794 2161 875 2245 quod
892 2162 993 2246 magni
1013 2163 1157 2226 momenti
1180 2186 1251 2240 esse

173 2288 336 2353 videturin
358 2287 570 2372 cognoscendis
591 2286 703 2351 Tiberii
715 2286 857 2351 moribus.
881 2286 914 2350 Si
932 2287 1011 2351 inter
1021 2286 1159 2350 homines
1170 2310 1242 2350 suae

174 2411 483 2478 aetatis'oonstitisset
505 2410 660 2475 Tiberium
685 2412 889 2476 simulatorem
909 2412 1020 2490 fuisse,
1041 2434 1101 2494 quo
1118 2410 1241 2475 crimine

173 2538 295 2602 Tacitus
318 2538 387 2601 eum
411 2544 521 2621 urguet
528 2586 538 2616 ,
565 2536 701 2622 Vellejus
724 2537 782 2601 hoo
803 2559 865 2599 non
888 2537 1029 2615 dixissct;
1053 2536 1135 2620 quod
1161 2543 1240 2600 certe

174 2685 301 2748 parrum
320 2668 532 2746 argumentum
551 2661 654 2739 affert,
678 2659 923 2744 adprobandum
933 2661 1087 2725 Tiberium
1100 2662 1157 2726 hoc
1166 2662 1240 2727 vitio

175 2784 236 2849 nori
258 2785 401 2850 laborare.
425 2785 559 2848 Omnino
582 2784 640 2848 hoc
663 2784 699 2848 de
723 2784 841 2866 Vellejo
865 2784 1162 2850 animadvertendum
1179 2793 1240 2867 est,

175 2910 200 2973 si
230 2911 294 2995 jam
326 2917 474 2974 constaret
508 2909 535 2972 ei
568 2909 657 2972 fidem
690 2907 892 2992 abrogandam
922 2913 1016 2988 esse,¹
1036 2933 1107 2973 eum
1137 2917 1240 2974 tamon

174 3034 282 3098 utilem
305 3057 368 3098 csse
391 3033 428 3097 ad
450 3032 708 3118 cognoscendum,
732 3055 792 3116 quo
816 3032 904 3096 modo
926 3033 1063 3119 princeps
1084 3034 1240 3099 historiam
1350 3079 1352 3083 ,

175 3158 263 3223 scribi
285 3158 434 3234 voluerit,
457 3157 538 3242 quod
560 3157 697 3242 exemplo
714 3180 750 3220 ex
762 3157 821 3221 hoc
831 3157 1237 3243 capitesumptoillustrabo

175 3282 252 3346 Inde
274 3282 356 3366 quod
382 3281 486 3346 laudat
507 3282 631 3345 fratrem
652 3281 784 3360 Tiberii,
807 3289 928 3366 apparet
939 3281 996 3345 hoc
1008 3283 1108 3369 ipsum
1120 3282 1241 3347 Tiberio

175 3406 294 3490 gratum
306 3406 413 3486 fuisse,
434 3427 564 3490 eumque
576 3405 698 3470 fratrem
709 3410 795 3489 grata
806 3406 951 3470 memoria
961 3413 1155 3491 prosecutum
1165 3410 1237 3472 esse.

220 3530 266 3594 De
287 3529 389 3594 Druso
413 3530 559 3615 legimus:
587 3529 780 3605 (sadtdescens
791 3535 839 3594 tot
848 3535 1060 3614 tantarumque
1072 3530 1241 3607 virtutum,

211 3821 232 3883 ¹)
246 3820 294 3870 Dio
310 3822 363 3872 LIV
380 3821 424 3872 22.

208 3922 231 3986 ²)
248 3922 320 3973 Suet.
339 3924 395 3974 Tib.
420 3923 447 3974 2.

208 4026 231 4086 ³)
248 4026 308 4077 Hor.
326 4027 410 4079 Carm.
429 4027 461 4079 IV
478 4027 536 4079 Tar.
554 4027 620 4081 Ano.
637 4029 682 4080 111.
704 4029 744 4082 48.
