2842 4920
685 364 726 456 ia

220 610 306 691 Quae
341 630 438 693 neque
471 610 593 672 fuerunt
626 628 724 695 neque
757 611 846 685 sunt,
880 611 980 669 tamen
1003 604 1049 669 illi
1072 604 1193 668 sciuut”
1206 602 1241 690 ¹).

175 735 275 799 Etiam
287 733 391 797 Cicero
403 732 492 797 dicit:
508 733 570 808 ,Aa
581 730 641 795 fuit
651 733 738 795 fama.
752 729 873 810 Quotus
884 730 1012 816 quisque
1019 730 1102 794 illam
1111 730 1243 814 effugere

174 865 273 945 potest
294 858 327 922 in
345 865 407 922 tam
431 855 574 920 maledica
597 856 739 921 civitate”
753 856 796 938 2J?
819 855 940 918 Tacitus
962 855 1092 940 appellat
1115 854 1242 918 Romam

174 983 326 1049 civitatem
349 981 485 1046 omnium
508 1004 632 1066 gnaram
655 989 687 1045 et
709 980 786 1045 nihil
809 980 984 1045 reticentem
1004 982 1047 1064 ³),
1071 1001 1244 1044 sermonum

175 1106 343 1197 avidam4),
367 1113 476 1171 cuncta
499 1104 748 1192 interpretantem
763 1106 800 1194 ⁵).
821 1106 969 1170 Martialis
988 1104 1244 1190 lepidoepigram-

175 1238 255 1296 mate
299 1229 447 1315 quendam
481 1229 692 1295 Philomusum
726 1230 860 1310 deridet,
898 1231 950 1315 qui
985 1230 1085 1292 omnia
1119 1228 1175 1293 scit
1213 1236 1244 1293 et

174 1355 304 1443 plurima
325 1355 428 1439 fingit,
452 1377 528 1440 quae
548 1355 633 1440 quasi
645 1357 815 1420 verarefert
828 1356 873 1444 6);
898 1356 918 1420 J
921 1354 1054 1420 uveualis
1066 1354 1195 1439 denique
1206 1354 1244 1417 de

175 1479 305 1566 quadam
328 1478 440 1543 femina
463 1479 544 1564 agit,
567 1500 644 1563 quae
666 1479 769 1562 novit,
794 1502 870 1564 quae
893 1486 957 1544 toto
979 1480 1012 1544 in
1037 1479 1109 1544 orbe
1128 1480 1243 1543 frontet

175 1601 319 1688 quosdam
341 1624 475 1666 rumores
499 1602 628 1688 excipit,
652 1603 797 1688 quosdam
820 1604 935 1684 facitu.

221 1726 413 1812 Quamquam
421 1726 483 1812 jam
495 1726 556 1791 vita
567 1727 803 1811 quotidiananos
811 1728 906 1808 docet,
919 1751 980 1815 quo
990 1729 1078 1794 modo
1086 1729 1243 1816 praecipue

177 1872 310 1914 rumores
343 1851 494 1932 oriantur,
530 1858 630 1916 tamon
664 1851 740 1917 dabo
763 1852 880 1941 aliquot
902 1853 1037 1939 exempla
1059 1877 1096 1917 ex
1119 1853 1244 1918 historia

176 1974 278 2060 petita.
315 1975 451 2040 Primum
485 1977 580 2061 igitur
611 1977 701 2042 multi
730 2000 865 2043 rumores
890 1978 1024 2044 veritatis
1046 1979 1242 2046 fundamento

176 2100 308 2188 quodam
329 2100 478 2166 nituntur.
501 2101 656 2188 Caligula,
679 2111 715 2168 ut
726 2103 887 2190 exprimat,
910 2112 1093 2190 quantopere
1107 2105 1244 2169 consules

177 2232 359 2302 contemnat,
372 2226 532 2290 exclamat:
549 2227 627 2292 aVel
639 2251 734 2315 equus
747 2252 831 2293 meua
844 2230 949 2294 consul
960 2231 1024 2294 fieri
1035 2230 1165 2315 posset''.
1181 2231 1243 2295 Ru·

178 2371 242 2414 mor
265 2348 378 2414 incedit
393 2349 562 2436 Caligulam
574 2375 606 2416 re
617 2376 687 2418 vera
698 2354 730 2416 in
744 2353 879 2417 animum
890 2353 1059 2433 induxisse,
1083 2361 1119 2418 ut
1131 2377 1243 2439 equum

179 2474 331 2539 consulem
354 2477 514 2561 crearass).
539 2476 620 2556 Quia
643 2475 788 2542 Claudius
811 2500 897 2564 saepe
917 2478 1000 2543 aliud
1013 2477 1243 2564 agebat,lepide

178 2599 315 2663 homiues
338 2599 496 2667 dicebaut:
529 2600 581 2675 ,tsi
605 2600 766 2666 Messalina
789 2602 863 2667 Silio
875 2602 1020 2682 nuberet,
1042 2602 1187 2667 Claudius
1200 2603 1243 2667 nil

179 2723 333 2788 sentirot''.
355 2724 513 2790 Ridiculus
536 2747 639 2790 rumor
652 2726 689 2790 de
712 2727 824 2813 nuptiis
840 2728 1020 2792 Messalinae
1031 2736 1060 2792 et
1072 2728 1139 2792 Silii
1151 2730 1244 2794 nasci-

178 2853 230 2911 tur
242 2849 278 2932 9).
302 2847 471 2914 Caracallae
494 2849 638 2915 satellites
650 2858 735 2915 erant
742 2900 751 2931 ,
763 2850 874 2937 quibus
885 2874 995 2916 nomen
1008 2853 1092 2919 dedit
1102 2854 1243 2935 leonum,

178 2977 282 3057 postea
322 2973 470 3058 reperitur
510 2997 579 3039 eum
620 2975 738 3040 leonem
777 2975 810 3039 in
848 2975 1020 3041 convivium
1054 2977 1243 3056 adhibuisse,

184 3169 343 3178 *-

216 3291 237 3355 ¹)
254 3290 335 3343 l’laut.
352 3292 420 3342 Tria.
437 3252 547 3345 20549.

215 3393 234 3454 ²)
254 3392 302 3443 Cic.
322 3408 367 3458 pro
385 3393 454 3444 Cael.
480 3393 519 3444 16.
537 3393 577 3445 38.

215 3495 237 3561 3)
254 3496 314 3549 Tac.
333 3496 397 3548 Aua.
416 3498 505 3552 X127.

215 3599 225 3633 4

227 3602 237 3663 >

215 3701 236 3766 ⁵)
253 3701 311 3752 Tac.
330 3702 392 3754 Hist.
412 3705 492 3757 1116.

216 3807 237 3871 ὓ)
255 3801 331 3858 Mart.
348 3806 392 3871 Ep.
407 3808 440 3858 IX
457 3808 497 3859 35.

212 3909 234 3974 ⁷)
251 3909 310 3962 lua.
326 3910 377 3961 Sat.
395 3911 427 3961 Vl
445 3909 587 3962 loa-409.

218 4010 239 4074 8)
257 4014 326 4063 Suet.
350 4013 400 4062 Oai.
421 4011 462 4063 55.

217 4113 239 4178 9)
256 4113 315 4164 Tac.
333 4114 398 4162 dnn.
417 4114 462 4165 Xll
479 4113 522 4165 26.

274 3616 285 3648 a
357 3618 368 3648 a
421 3601 520 3656 x1116.
