2842 4920
624 364 666 424 43

107 573 228 660 jocandi
249 563 339 638 ¹eausa
354 573 465 638 dicere:
495 574 584 638 nltur
594 575 630 639 ad
648 573 784 638 Atridam
798 576 821 658 1)
833 573 864 657 ,'’
877 573 956 658 quod
970 597 1079 638 nomen
1091 574 1182 638 ctiam

109 697 230 763 Tiberio
253 698 386 764 inditum
409 707 454 765 est
480 701 515 788 2).

155 823 281 888 Constat
314 847 411 888 mores
444 825 612 891 Domitiani
646 848 707 889 non
736 826 824 911 plane
854 824 1013 888 dissimiles
1042 824 1133 888 fuisse
1166 847 1184 886 a

110 946 222 1012 'liberii
246 949 378 1014 moribus
401 950 452 1014 sed
474 951 530 1029 ita,
552 950 737 1016 utliberius
749 1001 759 1030 ,
783 951 837 1035 qui
854 949 942 1013 initio
955 947 1181 1033 optimnspn'n-

111 1096 178 1158 ceps
200 1074 321 1155 fuisset,
344 1098 434 1140 senex
456 1076 585 1141 deterior
607 1084 636 1141 et
660 1076 750 1140 nimis
767 1099 873 1140 saevus
891 1079 988 1140 factus
1000 1076 1056 1154 sit,
1076 1073 1181 1138 Domi-

113 1198 213 1263 tianus
236 1223 306 1264 vero
325 1201 428 1287 primis
452 1202 537 1265 annis
557 1202 630 1266 satis
649 1201 747 1265 bonus
758 1251 767 1280 ,
780 1201 832 1265 sed
844 1200 986 1265 extremis
998 1198 1183 1284 temporibus

113 1324 248 1389 omnium
274 1326 421 1410 pessimus
452 1326 551 1391 fuerit.
587 1326 780 1390 Domitianus
804 1325 939 1390 imitatus
962 1332 1007 1388 est
1030 1323 1183 1388 liberium

113 1450 164 1514 sed
179 1472 276 1536 quum
298 1451 411 1516 liberii
429 1451 556 1516 virtutes
578 1475 640 1516 non
663 1451 841 1536 attingeret,
865 1457 932 1514 tum
950 1448 1105 1514 tristitiam
1119 1449 1183 1534 ejus

113 1582 144 1640 et
165 1574 320 1641 saevitiam
342 1576 374 1640 in
404 1580 489 1662 peius
512 1577 604 1642 auxit.
643 1578 744 1658 Quam
767 1577 829 1642 veri
853 1576 951 1639 simile
974 1582 1021 1639 est
1043 1575 1182 1639 Tacitum

114 1722 151 1764 ex
173 1699 226 1780 iis,
248 1723 324 1784 quae
342 1701 405 1786 ipse
422 1701 497 1766 vidit
512 1709 543 1766 et
554 1702 664 1787 quibus
675 1702 737 1788 ipsc
753 1701 891 1766 interfuit
903 1703 943 1786 ³),
967 1701 1068 1786 aliqua
1080 1723 1183 1784 sump

114 1826 186 1890 sisse
209 1827 241 1890 in
263 1826 394 1910 imagine
415 1826 527 1890 liberii
550 1827 752 1912 depingenda,
776 1828 829 1911 qui
850 1850 911 1891 non
929 1826 1019 1911 plane
1030 1824 1182 1889 dissimilis

64 1991 69 1999 -
115 1951 289 2016 Domitiano
312 1952 390 2017 fuit!

159 2075 262 2141 Nerva
296 2083 327 2140 ct
352 2076 498 2162 Trajanus
524 2077 694 2141 succedunt.
725 2077 875 2162 Aequales
898 2098 1022 2140 aureum
1045 2073 1182 2139 seculum

115 2199 265 2284 quoddam
287 2201 416 2266 assecuti
440 2225 502 2267 esse
525 2201 581 2266 sibi
603 2201 753 2267 videntur.
781 2201 910 2276 affluam
933 2207 1104 2286 temporum
1116 2199 1182 2264 feli·

115 2323 236 2390 citatem
266 2330 381 2408 esse⁴)‚
415 2327 579 2392 beatissimi
601 2326 694 2392 seculi
718 2327 819 2391 lucem
842 2348 982 2412 apparere
995 2325 1039 2404 Β)”
1064 2324 1185 2388 Tacitus

115 2449 282 2535 praedicat3
303 2451 464 2516 Suetonius
485 2452 699 2517 abstinentiam
717 2459 747 2516 et
769 2451 1003 2516 moderationem
1016 2448 1185 2534 principum

115 2574 218 2640 laudat
230 2578 254 2654 6)
262 2601 272 2654 3
297 2576 445 2641 Martialis
467 2577 614 2662 inlepido
637 2577 851 2663 epigrammate
870 2576 907 2640 de
926 2576 1030 2640 Nerva
1049 2573 1123 2639 dicit
1137 2599 1143 2636 :
1156 2572 1182 2661 ⁷)

297 2754 389 2818 nNon
412 2762 457 2819 est
478 2754 528 2818 hic
550 2754 708 2834 dominus,
731 2755 781 2818 sed
803 2755 983 2839 imperator,

297 2879 355 2943 Sed
375 2879 558 2964 justissimus
582 2879 719 2944 omniurn
742 2885 870 2958 senator,

296 3005 355 3069 Per
377 3027 467 3098 quem
491 3005 527 3069 de
550 3003 654 3090 Stygia
676 3004 764 3067 domo
788 3004 910 3067 reducta
933 3010 978 3067 est

296 3129 387 3196 Siccis
410 3129 520 3194 rustica
542 3128 660 3194 Veritas
683 3128 830 3213 capillis.'’

155 3463 162 3496 1

151 3565 173 3629 ²)
190 3567 235 3616 Dio
253 3567 328 3616 LVlll
346 3565 386 3614 11.
404 3564 475 3614 Suet.
492 3564 548 3614 Tib.
571 3563 616 3626 61,
636 3563 678 3613 ubi
697 3565 752 3613 vide
759 3578 849 3627 ‚quae
867 3562 983 3611 dicturus
1000 3576 1069 3610 sum.

152 3669 174 3730 ²)
190 3668 248 3719 Tac.
266 3669 326 3734 Agr.
344 3668 384 3717 15.

152 3772 331 3836 4)’1“εε.11ἰεῖ
350 3774 361 3822 1
385 3771 408 3822 1.

154 3877 176 3938 ⁵)
192 3876 250 3926 Tac
269 3876 328 3941 Agr.
346 3875 390 3925 14.

155 3979 177 4043 8)
193 3977 262 4028 Suet.
281 3979 353 4028 Dom
371 3977 415 4027 13.

113 4080 116 4084 ’
156 4081 177 4145 7)
194 4082 269 4131 Mart.
288 4081 336 4144 Ep.
361 4079 439 4130 1171.
457 4081 494 4130 ef.
512 4080 589 4129 etiam
606 4079 629 4127 Χ
645 4077 685 4127 34.
