2842 4920
706 406 726 465 4
818 465 823 474 ,

228 617 269 684 Hi
293 619 352 683 duo
374 616 444 682 libri
466 624 566 682 tamen
591 640 650 680 non
675 616 718 680 ita
741 616 905 680 multorum
929 617 1043 681 animos
1067 616 1103 681 ad
1127 640 1159 681 se
1182 641 1250 682 con-

126 828 131 840 .
181 745 304 810 vertisse
332 744 489 824 videntur,
520 742 601 828 quod
624 765 772 826 nusquam
795 742 896 807 inveni
921 766 970 806 cos
994 743 1249 829 disputationibus

180 870 281 933 locum
305 867 429 932 dedisse.
453 865 598 933 Merivale
619 867 651 930 iu
674 867 824 953 praeclaro
847 890 951 954 opere,
975 868 1056 953 quod
1068 891 1146 932 anuo
1164 871 1248 933 1862

180 992 291 1080 prodiit
312 991 344 1056 in
367 992 465 1058 lucem
475 1041 485 1072 ,
507 991 662 1055 Tiberium
687 992 791 1056 mortis
814 991 987 1058 Germanici
1010 992 1097 1078 culpa
1119 993 1249 1060 absolvit

180 1127 210 1184 et
243 1118 348 1184 laudat
382 1117 446 1182 eius
480 1116 607 1182 virtutes
637 1117 791 1202 bonasque
819 1125 915 1198 ortes,
946 1139 1040 1203 quum
1063 1125 1165 1182 tamen
1184 1118 1248 1182 eius

179 1243 320 1311 libidines
343 1266 452 1329 negare
475 1266 536 1308 non
558 1244 666 1308 audeat
688 1249 719 1308 et
739 1243 884 1308 delatores
905 1243 1021 1329 pestem
1044 1242 1247 1330 iiberiiprinss

180 1368 295 1455 oipatus
318 1368 411 1432 fuisso
433 1367 522 1434 dicat.

223 1490 439 1557 Nobilissimus
469 1491 546 1556 liber
580 1491 616 1556 do
649 1490 760 1556 iiberii
794 1492 857 1557 vita
892 1515 970 1556 anuo
1006 1501 1074 1579 post
1096 1495 1243 1581 apparuit.

180 1615 429 1702 Elegantissimus
462 1623 567 1682 auctor
600 1617 637 1682 A.
663 1616 753 1680 Stabr
775 1617 869 1682 vitam
892 1617 1003 1683 Tiberii
1027 1619 1146 1704 scripsit
1169 1619 1246 1684 libro

180 1741 318 1807 Sieversii
352 1740 487 1807 adhibito
521 1749 552 1805 ot
580 1742 740 1827 diiigenter
763 1741 903 1807 omuibus
927 1743 1061 1807 fontibus
1086 1744 1246 1830 exploratis

179 1868 310 1933 studiose
335 1868 407 1933 falsa
430 1892 446 1934 u
469 1867 547 1933 veris
570 1889 731 1932 secernens.
758 1867 869 1954 Negari
883 1892 944 1932 uon
956 1876 1056 1955 potest
1068 1870 1242 1955 scriptorem

180 1994 302 2059 modum
327 1993 501 2062 excessisse:
523 1993 651 2059 virtutos
674 1993 785 2058 'liberii
810 1993 922 2079 ubique
946 1993 1078 2058 studiose
1101 1996 1192 2057 refert
1214 2001 1246 2058 at

179 2118 335 2204 devitiis,
368 2119 431 2183 sirm
454 2117 564 2205 quibus
589 2141 676 2183 ucmo
700 2119 833 2184 mortalis
856 2118 1004 2195 iracitur,
1035 2126 1130 2197 tacet;
1165 2142 1244 2182 oom-

177 2241 315 2329 piuribus
338 2241 412 2305 iocis
435 2264 488 2327 pro
512 2249 592 2307 corto
615 2244 762 2322 sustinuat,
785 2264 861 2326 quau
874 2240 1034 2306 admodum
1047 2241 1240 2321 dubiasunt,

178 2390 238 2453 quo
268 2365 342 2433 vitio
373 2367 529 2453 praecipuo
556 2366 693 2432 laborant
716 2390 768 2447 ca,
791 2390 868 2452 quac
891 2374 1050 2432 narrantur
1073 2368 1109 2431 do
1132 2369 1242 2454 Agrip-

177 2491 264 2578 pium
299 2490 453 2556 'liberium
489 2494 549 2556 fere
572 2489 708 2556 omnium
732 2491 914 2570 criminum,
947 2515 1024 2577 quae
1047 2493 1074 2556 ei
1098 2493 1242 2578 objiciun-

177 2623 242 2697 tur,
278 2614 413 2680 absolvit.
448 2615 538 2697 Quod
561 2622 661 2681 tamen
684 2614 756 2680 huio
777 2615 912 2702 scriptori
933 2617 1018 2683 facile
1040 2617 1242 2703 ignoscimus,

177 2739 202 2803 si
222 2738 387 2826 cogitamus
407 2763 477 2805 eum
495 2746 655 2825 patronum
676 2740 740 2826 oj'us
760 2740 816 2805 viri
835 2741 986 2821 extitisse,
1011 2741 1064 2827 qui
1076 2749 1123 2808 tot
1141 2743 1241 2807 secula

176 2871 239 2930 tom
269 2864 371 2950 inique
397 2864 549 2952 judicatus
580 2865 635 2946 sit,
666 2887 725 2950 qua
747 2887 779 2929 ro
802 2865 913 2929 nimius
936 2866 968 2930 in
993 2866 1081 2931 laudo
1104 2874 1135 2930 et
1157 2867 1236 2931 vitu·

175 2990 328 3077 peratione
351 2993 447 3056 faetus
469 2991 533 3056 sino
555 2990 655 3055 studio
674 2997 728 3056 aut
745 2990 789 3055 ira
801 2991 930 3056 scribere
942 3013 1003 3055 non
1014 2991 1124 3076 potuit.
1150 2991 1240 3056 Stabr

176 3114 294 3201 scripsit
321 3122 472 3200 praeterea
502 3115 577 3181 vitus
601 3114 721 3200 Liviae,
753 3116 853 3181 Juliae
876 3123 906 3180 et
930 3116 1114 3202 Agrippinae
1136 3116 1241 3201 prioris

175 3239 207 3304 in
230 3239 308 3305 libro
333 3239 513 3306 ermisehe
536 3241 770 3307 Kaisorfrauen”
794 3249 825 3305 et
847 3240 1013 3306 versionem
1037 3263 1089 3304 sex
1107 3241 1240 3326 priorum

174 3364 320 3429 librorum
328 3364 505 3446 Annalium,
517 3364 627 3450 quibus
639 3364 778 3451 operibus
790 3387 875 3430 suam
888 3364 926 3432 de
936 3364 1056 3429 Tiberio
1069 3364 1240 3450 opinionem

175 3488 369 3555 confirmavit.
406 3487 473 3554 Hoo
508 3495 587 3554 corte
622 3488 711 3554 Stahr
735 3489 849 3567 effeoit,
873 3497 908 3554 ut
932 3490 1043 3554 multos
1067 3488 1241 3554 excitaverit

174 3616 212 3680 ad
242 3615 319 3680 hano
353 3615 559 3701 quaestionem
594 3614 693 3680 denuo
726 3614 973 3701 investigandam.
1009 3614 1046 3678 In
1079 3615 1240 3692 Germania

174 3741 320 3825 quaedam
342 3740 473 3826 procella
496 3747 598 3806 contra
622 3740 775 3807 Stahrium
800 3747 901 3805 exorta
923 3748 983 3818 est,
1007 3739 1088 3825 quod
1103 3739 1239 3803 homines

174 3886 260 3949 aegre
291 3862 427 3929 ferebant
460 3864 557 3929 Taciti
591 3865 679 3930 fideur
714 3865 746 3929 in
780 3863 907 3929 dubium
941 3862 1047 3928 vocari.
1073 3862 1112 3927 In
1135 3873 1239 3926 eorum

177 4010 319 4066 numero,
342 3989 395 4074 qui
407 4011 476 4053 oum
487 3992 617 4055 refutare
628 3989 727 4055 conati
738 3997 820 4070 sunt,
843 3988 1016 4054 notissimus
1026 3981 1118 4050 cstE.
1132 3984 1238 4064 Pasch‚

173 4112 226 4197 qui
237 4111 331 4178 edidit
342 4136 368 4177 a.
384 4115 468 4178 1866
482 4112 593 4178 librum
605 4113 781 4200 inscriptum
799 4109 1239 4190 pZurKritikderGesohiehte
