2842 4920
735 394 775 454 99

265 603 361 687 Oalig.
379 602 457 689 anp.
484 606 519 683 1,
544 608 573 667 2.
597 603 681 668 Mors
705 602 889 668 Germanici.¹
909 602 986 665 Vide
1009 602 1046 666 ad
1067 601 1134 666 Tib.
1160 606 1211 666 52.

265 727 337 813 Οερ.
362 730 392 792 4'.
428 726 597 791 Consilium
620 729 753 811 Augusti
774 727 991 791 'Germanicum
1014 726 1185 812 adoptandi.
1211 724 1290 789 Vide

221 851 259 914 ad
280 851 347 917 Tib.
373 856 424 915 22.
524 914 526 918 ,

211 1025 213 1028 ψ
266 975 337 1061 Cap.
375 979 402 1041 6.
439 977 526 1041 Metu
561 976 734 1042 Germanici
758 976 914 1040 Tiberium
943 976 1098 1041 saevitiam
1121 975 1288 1039 inhibuisse

221 1099 347 1163 ridicule
370 1101 516 1196 scriptum
539 1109 594 1166 est.

259 1220 337 1310 Cap.
360 1229 410 1288 21.
439 1224 594 1311 ηΟειΙὶςυΙίὶ
607 1250 693 1312 opera
704 1225 760 1290 sub
771 1227 890 1291 Tiberio
902 1226 1119 1312 semiperfecta,
1140 1225 1289 1311 templum

221 1351 354 1437 Augusti
383 1351 596 1436 theatrumque
619 1352 770 1437 Pompeji,
797 1351 958 1416 absolvit’'.
993 1350 1039 1417 Of.
1065 1373 1140 1435 quae
1165 1351 1228 1414 dixi
1252 1350 1290 1416 ad

223 1476 289 1540 Tib.
314 1479 367 1541 47.

267 1603 330 1666 Vir.
354 1625 417 1687 cap.
443 1607 472 1666 3.
496 1602 662 1682 „Vitellius
684 1603 744 1666 fuit
762 1600 883 1687 Capreis
899 1600 1287 1667 interbiberianascorta.”

224 1727 302 1792 Vide
324 1728 361 1791 ad
380 1726 447 1791 Tib.
472 1731 523 1792 43.

268 1853 370 1934 Quum
391 1852 657 1916 demonstraverim
677 1851 857 1916 Suetonium
876 1859 922 1915 tot
941 1874 1032 1936 vagos
1054 1873 1189 1914 rumores
1211 1851 1289 1915 inse·

222 1977 317 2041 ruisse
340 1984 371 2041 et
393 1982 440 2040 tot
458 1976 532 2041 falsa
554 1976 709 2054 retulisse,
729 1983 851 2061 apparet
875 1999 944 2040 eum
967 1982 1120 2039 auctorem
1143 1998 1206 2038 esse
1229 1998 1291 2038 non

224 2125 349 2187 magnae
382 2102 452 2166 fidei
487 2108 518 2165 et
553 2099 638 2164 nobis
673 2122 845 2164 concessum
876 2122 940 2164 esse
963 2100 1054 2164 etiam
1076 2099 1114 2164 de
1136 2100 1188 2177 iis,
1213 2123 1290 2185 quae

224 2250 285 2290 non
308 2234 464 2306 constant,
487 2224 634 2290 dubitare.
662 2224 729 2288 Hoc
749 2232 900 2310 praeterea
919 2226 1103 2289 mouendum
1123 2233 1176 2289 est.
1201 2225 1289 2310 Legi·

225 2373 292 2413 mus
314 2349 470 2414 liberium
489 2356 710 2436 apraeceptore
733 2350 916 2434 appellatum
936 2373 1016 2415 esse:
1043 2351 1155 2426 canaba
1178 2348 1291 2428 cibare

227 2474 471 2556 necopinatam,
491 2475 542 2539 sed
561 2498 622 2538 non
642 2474 856 2560 negligendum
876 2482 921 2538 est
940 2474 1038 2538 hocin
1053 2474 1156 2560 jurgio
1175 2475 1291 2539 dictum

223 2602 329 2679 essel).
345 2600 450 2681 Quum
460 2599 623 2665 Suetonius
631 2601 987 2665 carminumfamosorum
997 2601 1181 2664 mentionem
1190 2600 1291 2679 faciat,

223 2725 307 2789 addit
324 2725 399 2789 haee
416 2748 478 2788 non
498 2747 535 2787 ex
553 2725 647 2788 animi
665 2725 812 2789 sententia
830 2725 906 2809 fingi
918 2723 960 2812 2);
972 2724 1100 2810 legimus
1112 2725 1290 2811 piscatorem

224 2849 302 2914 male
313 2856 475 2913 tractatum
485 2871 558 2928 esse,
572 2847 768 2913 sedvidemus
780 2871 850 2912 eum
861 2848 1018 2932 repentino
1029 2848 1160 2912 adventu
1171 2847 1291 2912 Tiberio

223 2975 363 3040 timorem
370 2975 530 3039 incussisse
539 2977 571 3037 et
577 2973 719 3059 punitum
727 2970 911 3059 jactantibus
919 2972 1018 3037 verbis
1025 2972 1159 3060 usumss).
1174 2971 1206 3035 Si
1213 2970 1292 3058 perit

223 3099 469 3184 homoquidam,
490 3100 544 3183 qui
562 3099 707 3162 honorem
716 3097 748 3161 in
768 3096 884 3161 colonia
902 3119 957 3161 sua
977 3096 1081 3160 eodem
1103 3096 1151 3160 die
1172 3096 1292 3162 decerni

224 3225 281 3291 sibi
308 3247 412 3311 passus
431 3229 494 3301 est,
519 3245 580 3308 quo
602 3221 715 3286 decreti
735 3229 766 3286 et
783 3222 924 3307 Augusto
945 3221 1018 3284 olim
1037 3230 1137 3287 esseut
1146 3272 1156 3302 ,
1178 3225 1291 3286 factum

224 3373 287 3414 esse
297 3355 410 3435 potest,
423 3356 459 3413 ut
469 3371 563 3413 vanus
571 3347 700 3433 jactator
707 3350 731 3426 4)
747 3369 875 3433 poenam
885 3347 983 3412 levem
994 3347 1101 3411 saltem
1117 3353 1289 3411 mereretur.

225 3473 293 3538 Hoc
312 3473 477 3538 tenendum
500 3479 554 3550 est,
578 3473 604 3536 si
627 3472 772 3536 Suetonio
795 3479 915 3537 auctore
931 3471 969 3535 de
979 3470 1099 3536 Tiberio
1109 3471 1290 3557 judicamus.

262 3804 283 3868 ¹)
300 3804 370 3854 Suet.
388 3801 445 3853 Tib.
467 3801 511 3852 57.

259 3906 282 3971 ²)
318 3924 330 3954 a
404 3922 415 3952 a
459 3903 504 3954 59.

261 4009 283 4073 ³)
320 4028 331 4056 a
404 4024 415 4055 u
460 4005 504 4055 60.

259 4112 281 4177 ⁴)
317 4128 329 4177 Ι))
400 4127 412 4157 a
457 4107 503 4159 58.
