2842 4920
706 363 745 422 52

192 573 322 641 narratio
345 573 488 639 historica
504 573 679 660 appellatur.
705 572 793 638 Hanc
815 573 854 638 ob
878 594 940 637 rem
956 572 1105 658 Vopiscus
1128 573 1207 638 inter
1231 595 1262 636 se

192 699 317 786 opponit
351 699 461 763 diserte
494 722 529 763 ac
556 721 623 764 vere
646 696 821 784 seriberel).
858 696 933 761 Jure
957 699 1118 775 miramur,
1141 697 1166 760 si
1189 696 1262 762 talia

190 825 303 910 judicia
335 824 515 910 reperimus:
553 823 676 898 „licebit
709 824 798 888 etiam
826 823 900 888 salso
933 824 1092 908 affingere,
1115 822 1262 907 quidquid

191 950 256 1013 fieri
281 949 357 1012 solet
369 950 415 1035 2)”
430 961 460 1014 et
488 971 682 1023 ,sconeessum
704 955 750 1012 est
772 949 909 1013 ementiri
941 949 974 1012 in
1003 947 1158 1012 historiis”
1171 949 1213 1034 ⁸),
1236 948 1262 1011 si

192 1074 337 1159 scriptum
369 1073 540 1138 invenimus
561 1072 718 1138 historiam
741 1096 816 1158 opus
839 1073 1002 1138 oratorium
1025 1073 1154 1137 maxime
1177 1096 1258 1150 esse,

191 1198 357 1282 proximam
376 1221 440 1262 esse
449 1198 545 1284 poetis
556 1197 584 1286 4)
607 1204 638 1261 et
648 1197 859 1263 historicorum
872 1199 1074 1284 eloquentiam
1086 1199 1203 1264 laudari
1216 1202 1259 1279 ⁵),

191 1322 310 1389 Plinius
321 1345 401 1388 unus
413 1323 555 1387 affirmat:
571 1321 715 1396 ,shistoria
726 1345 847 1407 quoquo
858 1323 947 1388 modo
958 1322 1223 1410 seriptadcleetat”
1233 1326 1258 1403 ⁶)

192 1455 223 1514 et
237 1449 383 1524 ''historia
395 1471 457 1513 non
467 1447 661 1512 assentationi
672 1447 723 1512 sed
735 1448 805 1512 fidei
816 1448 994 1532 veritatique
1005 1447 1213 1533 componitur’'
1224 1447 1259 1533 7).

191 1573 316 1638 Veteres
349 1571 484 1637 historici
518 1594 553 1634 eo
587 1595 689 1637 euram
721 1573 900 1657 intendunt,
936 1580 972 1636 ut
999 1571 1162 1657 pulchrum
1186 1594 1261 1657 opus

192 1698 304 1762 faciant
314 1724 323 1774 3
342 1697 502 1782 negligunt
512 1697 617 1761 sedulo
629 1712 788 1782 quaerere,
800 1720 877 1783 quae
888 1719 958 1763 vera
969 1697 1031 1760 sint
1043 1719 1137 1761 necne
1148 1722 1157 1774 3
1177 1718 1262 1782 saepe

191 1846 237 1887 res
251 1822 346 1887 verbis
358 1829 504 1887 exornant
515 1829 545 1887 et
558 1823 676 1888 veritati
688 1830 805 1887 nocent.
828 1824 920 1887 Amat
930 1823 1052 1887 Tacitus
1064 1821 1144 1887 bella
1158 1821 1261 1908 depin-

192 1970 277 2032 gere,
299 1969 376 2032 quae
395 1947 423 2011 ei
440 1947 673 2033 pulcherrimam
692 1947 847 2011 materiam
866 1947 1035 2033 praeclarae
1056 1946 1262 2033 descriptionis

192 2080 363 2159 suppetunt.
389 2073 490 2137 Etiam
512 2073 568 2136 hac
591 2072 622 2136 in
646 2095 678 2136 re
700 2071 854 2136 Tiberium
877 2071 935 2136 sibi
956 2072 1090 2137 invisum
1113 2094 1176 2136 esse
1198 2072 1263 2157 ipse

194 2201 310 2264 fatetur
324 2200 358 2284 ⁸).
383 2198 501 2283 Cupide
512 2221 614 2263 omnes
626 2197 810 2278 occasiones,
824 2219 900 2282 quae
911 2197 1129 2276 ei'offeruntur,
1140 2197 1245 2282 arripit
1252 2224 1261 2276 3

87 2388 89 2392 .
193 2345 312 2388 omnem
345 2321 506 2387 verborum
535 2328 675 2387 ornatum
697 2322 730 2384 in
753 2321 929 2386 Germanici
949 2319 1040 2387 robus
1064 2321 1156 2406 gestis
1178 2343 1262 2386 enar-

192 2447 293 2512 randis
334 2448 484 2512 consumit
496 2471 505 2524 ;
546 2469 637 2532 parra
678 2444 758 2510 bella
799 2443 937 2530 plurimis
972 2443 1068 2510 verbis
1110 2443 1266 2510 describit.

191 2571 314 2655 Ubique
343 2570 475 2635 ostendit
496 2569 622 2654 gloriam
649 2568 809 2632 militarem
834 2568 892 2632 sibi
915 2574 1031 2654 gratam
1054 2590 1135 2648 esse,
1169 2574 1206 2633 ut
1229 2568 1262 2631 in

191 2696 281 2761 rebus
303 2695 395 2779 gestis
418 2693 597 2760 Corbulonis
621 2702 651 2758 et
673 2693 833 2778 Agricolae
852 2693 1022 2774 tradendis,
1054 2692 1133 2778 quod
1156 2693 1262 2757 fecisse

192 2819 432 2900 cumcontendo,
455 2819 566 2906 partim
576 2825 612 2883 ut
623 2819 751 2904 'l'rajano
762 2818 902 2904 placeret,
925 2816 1035 2903 partim
1048 2816 1149 2880 studio
1159 2815 1260 2880 rheto-

192 2946 254 3011 rico
264 2945 439 3011 adductum.
462 2944 594 3009 Tantum
606 2950 669 3008 crat
679 2943 836 3028 ingenium
848 2942 961 3020 Taciti,
974 2948 1010 3005 ut
1020 2940 1111 3006 etiam
1126 2940 1260 3027 preclara

189 3078 253 3135 arte
272 3070 385 3156 judicia
407 3068 600 3148 describeret,
623 3091 684 3154 quo
703 3067 780 3132 nibil
799 3067 920 3133 veritati
937 3065 1138 3153 perniciosius
1162 3072 1217 3132 est.

226 3373 248 3431 1)
268 3373 333 3437 ch.
351 3341 424 3422 Probi
442 3371 471 3435 2,
491 3370 513 3420 7.

223 3476 245 3540 Β)
264 3475 348 3535 Quint.
365 3475 425 3525 Inst.
443 3474 515 3523 Orat.
532 3473 592 3524 VIlI
612 3471 635 3523 3.

226 3577 249 3642 3)
266 3576 319 3628 Cic.
334 3576 409 3627 Brut.
432 3575 466 3626 XI
483 3575 523 3625 42.

225 3680 247 3738 ⁴)
265 3678 350 3739 Quint.
367 3679 428 3729 Inst.
447 3677 516 3729 Orat.
534 3679 568 3728 xl
584 3676 625 3729 31.

140 3774 141 3778 ¹
223 3782 245 3847 ⁵)
263 3782 320 3833 Tac.
340 3781 404 3832 Dial.
421 3781 461 3839 23,
485 3779 530 3833 26.

225 3885 248 3950 6)
267 3885 330 3936 Plin.
347 3884 395 3949 Ep.
420 3882 488 3947 V8,
507 3884 523 3934 4
540 3890 565 3934 et
582 3883 606 3933 9.

229 3987 250 4051 7)
271 3988 332 4037 Plin.
351 3989 394 4051 llp.
413 3987 455 4036 Vll
473 3985 518 4043 ¹17,
537 3985 564 4034 3.

226 4090 248 4153 ⁸)
266 4091 322 4140 Tac.
342 4091 407 4140 Anu.
424 4090 455 4140 lV
472 4087 512 4140 33.
