2842 4920
692 403 732 463 96

175 636 238 676 esse
257 611 377 691 dicitur,
401 612 483 696 quod
502 636 564 676 non
582 636 688 677 verum
708 637 771 677 esse
792 637 829 678 ex
847 614 951 678 Tacito
971 621 1093 701 apparet
1105 616 1130 701 1)
1140 640 1149 692 ;
1172 637 1245 678 nam

175 736 329 822 probabile
352 745 397 801 est
421 744 585 823 utrumque
609 737 782 822 scriptorem
804 738 933 802 eundem
955 738 1108 823 respicere.

217 863 288 948 Cup.
304 865 353 928 61.
365 862 480 926 lterum
492 861 654 940 invenitur,
666 885 735 926 eum
749 862 908 927 familiares
921 863 1023 928 metris
1034 876 1240 950 persecutum,

176 988 213 1052 de
236 1011 297 1073 quo
318 991 381 1071 jum
405 986 452 1072 egi
475 986 546 1073 Cup.
574 989 623 1052 50.

219 1111 318 1177 Notos
341 1118 373 1177 et
394 1113 554 1178 familiares
574 1136 668 1177 nurus
688 1121 861 1198 persecutus
881 1136 944 1178 esse
957 1113 1077 1180 dicitur.
1101 1114 1246 1200 Respexit

177 1237 338 1301 Suetonius
362 1240 485 1302 fortusse
509 1237 618 1301 Silium
641 1244 672 1301 et
702 1237 835 1315 Sosium,
866 1261 926 1302 non
950 1237 1041 1302 dubie
1068 1237 1245 1303 criminibus

175 1362 409 1447 repetundarum
433 1364 607 1441 hoerenteS,
631 1369 667 1425 ut
688 1362 809 1427 Tacitus
833 1362 905 1426 dicit
919 1365 952 1442 2).

220 1524 235 1561 η
240 1487 313 1551 Post
325 1487 425 1573 Sejuni
436 1487 593 1552 interitum
605 1486 742 1550 Tiberius
752 1487 799 1550 vel
811 1487 1003 1551 saevissimus
1016 1487 1150 1569 extitit”,
1162 1488 1245 1553 unde

174 1614 336 1707 Suetonius
360 1613 494 1699 colligit,
520 1613 674 1678 Tiberium
697 1636 756 1678 non
783 1637 800 1676 u
824 1613 933 1699 Sejono
953 1615 1096 1679 concitari
1119 1615 1244 1680 solitum

175 1761 245 1802 esse.
272 1738 342 1817 Quo
361 1739 392 1801 in
410 1761 440 1802 re
461 1739 489 1802 ei
509 1761 570 1800 non
582 1739 741 1815 assentior,
763 1739 814 1801 sed
825 1746 984 1823 postquam
995 1739 1132 1804 Tiberius
1145 1739 1246 1825 Sejani

174 1863 298 1927 insidias
332 1863 492 1949 cognovit,
528 1862 627 1926 omnio
657 1862 800 1941 timebat,
832 1863 933 1928 omnio
956 1863 1058 1928 oderat
1081 1869 1112 1928 et
1134 1863 1245 1931 timore

175 1985 303 2074 odioque
337 1990 446 2053 ductus
483 1989 594 2052 multos
617 1987 783 2067 interfecit5
808 1989 879 2052 hoec
903 2011 973 2054 vere
996 2011 1084 2053 causo
1107 1988 1244 2068 videtur,

176 2137 230 2179 cur
251 2121 318 2200 post
342 2113 442 2198 Sejoni
465 2113 623 2178 interitum
646 2112 783 2177 'liberius
807 2113 855 2177 vel
878 2113 1067 2177 saevissimus
1089 2119 1175 2180 esset.

222 2237 355 2312 „Nullus
366 2261 383 2301 o
394 2260 485 2322 poeno
501 2236 658 2300 hominum
671 2236 796 2301 cessavit
808 2235 903 2301 dies.’'
918 2237 977 2302 Est
990 2260 1069 2302 merc
1081 2237 1241 2315 calumnie,

176 2385 266 2447 qutun
289 2384 327 2425 ne
349 2361 471 2426 'lucitus
495 2361 615 2445 quidem
640 2361 740 2425 tradit.

222 2486 493 2562 „Animadversum
516 2492 562 2549 est
584 2485 617 2548 iu
629 2486 775 2570 quosdam
786 2486 910 2552 incunte
923 2511 1001 2553 novo
1013 2489 1124 2554 enn0.''
1146 2488 1246 2553 Semel

175 2615 287 2677 fectum
311 2619 371 2690 est,
394 2612 427 2676 iu
451 2634 539 2675 ceusu
562 2612 813 2695 periculosissimo
838 2612 941 2677 Sabini
954 2615 990 2700 ³).

221 2736 442 2811 „Interdictum
465 2743 532 2813 est,·
550 2758 588 2799 ne
611 2736 706 2822 cupite
729 2738 884 2803 domnulus
901 2738 1060 2824 propinqui
1071 2739 1242 2824 lugerent.'’

176 2861 275 2925 Semel
294 2867 389 2925 muter
400 2859 596 2925 condemnate
615 2884 678 2925 esse
697 2861 816 2947 dicitur,
837 2863 908 2947 quie
923 2863 1018 2927 filium
1030 2864 1197 2929 deflevisset
1209 2867 1243 2944 ⁴).

223 2984 370 3057 „Decreta
403 2985 624 3050 accusatoribus
654 2987 817 3071 proemio.''
852 2988 947 3053 Miror
981 2990 1158 3054 Suetonium
1188 2991 1246 3056 hoc

176 3108 353 3194 vituperare,
371 3110 441 3193 quia
463 3110 575 3174 Romae
586 3133 703 3196 semper
713 3112 843 3197 proemia
853 3113 1075 3178 accusatoribus
1086 3113 1245 3180 dubuntur.

224 3232 369 3307 ''Nemini
392 3233 558 3298 delatorum
578 3235 651 3298 fides
663 3235 836 3321 ebrognte.''
860 3237 980 3303 Tacitus
991 3238 1064 3304 dicit
1076 3240 1244 3325 complures

176 3378 241 3420 reos
264 3355 416 3421 absolutos
439 3378 502 3420 esse
525 3364 556 3421 et
579 3358 723 3422 delo-tores
742 3361 865 3449 punitos
889 3365 921 3441 ⁵).

178 3564 391 3576 ...ἡ

214 3695 234 3759 1)
251 3696 309 3747 Tae.
327 3698 393 3749 Anu
412 3699 485 3750 173.

211 3800 307 3858 2l'rae.
327 3803 492 3855 Ann.1V18

210 3902 232 3965 ³)
249 3903 308 3955 Tac.
326 3904 391 3954 Anu.
409 3907 440 3957 IV
459 3906 502 3958 70.
525 3908 592 3958 Plin.
616 3909 677 3960 Nat.
700 3911 762 3960 nist.
784 3912 843 3961 VIII
860 3911 893 3961 10
910 3912 972 3976 (61).

210 4003 288 4063 ll„
358 4007 440 4058 VI
458 4006 499 4059 16.

209 4106 287 4170 11η
357 4108 442 4159 ΙΙΙ
462 4109 502 4173 37,
521 4111 554 4160 VI
572 4111 611 4170 11,
633 4114 662 4164 VI
680 4113 713 4164 36
