2842 4920
691 371 731 435 78

175 578 381 648 commentarii
417 581 588 669 adjustum
612 604 688 668 opus
711 578 889 647 historicum
912 577 1129 646 conficiendum
1152 573 1242 666 quani

173 706 306 772 historia.
342 707 469 771 Memini
494 730 542 770 me
560 704 713 791 'quaedam
736 706 815 792 apud
837 705 1007 770 Lucienum
1031 706 1139 791 legere,
1163 729 1242 790 quae

174 832 262 918 plane
284 832 317 896 in
339 854 410 896 eum
432 831 561 897 eadunt:
586 830 671 912 ἄλλῳ
694 831 727 895 δέ
750 855 806 895 τινι
830 831 967 912 χαρίεντι
990 830 1042 895 καὶ
1061 826 1244 911 commutem

175 955 302 1037 ἱστορίαι
324 954 603 1035 μεταχειρίσασθαι
627 952 851 1036 προπιπιιηκώς
864 957 906 1036 ⁹),
922 954 1003 1039 quod
1013 955 1123 1041 Atejus
1135 953 1244 1040 Capito

174 1080 206 1143 iu
229 1079 353 1165 gratiam
379 1079 512 1145 Sallustii
539 1086 568 1144 et
591 1079 737 1144 Pollionis
761 1078 878 1167 fecitss).
920 1076 955 1081 '⁴
1049 1076 1052 1081 ⁵

221 1205 366 1292 Vopiscus
378 1209 402 1284 4)
425 1227 495 1269 eum
519 1204 604 1270 valde
628 1204 732 1270 laudat
755 1211 785 1268 et
808 1205 833 1269 si
856 1205 1042 1270 voluntatem
1056 1204 1241 1290 respicimus,

175 1329 257 1396 haud
278 1330 405 1416 injuria:
438 1352 498 1393 non
521 1329 609 1394 credo
631 1328 795 1413 quidquam
818 1329 897 1414 apud
921 1329 1101 1393 Suetonium
1125 1335 1243 1407 extare,

174 1454 256 1538 quod
278 1477 337 1519 non
362 1454 509 1519 invenerit
530 1453 609 1540 apud
631 1461 856 1519 auctoressuos.
882 1453 982 1518 Nemo
993 1453 1039 1517 illi
1051 1451 1228 1539 exprobabit
1234 1501 1244 1533 ,

175 1578 255 1662 quod
288 1599 357 1642 cum
389 1578 431 1641 im
463 1585 493 1642 et
515 1578 616 1643 studio
639 1574 797 1664 scripserit.
821 1578 986 1663 Tamquam
1009 1600 1119 1642 nomen
1142 1577 1176 1642 ei·
1190 1599 1245 1663 pro

175 1701 275 1765 omine
297 1701 353 1778 sit,
377 1723 491 1787 semper
513 1701 694 1785 tranquillus
718 1708 818 1768 mouet
837 1726 932 1788 quum
944 1703 1043 1784 iniis,
1066 1701 1245 1788 qunelnudc

175 1825 275 1911 digna,
299 1832 366 1889 tum
388 1824 421 1888 in
442 1824 497 1905 iis,
520 1847 596 1909 quae
618 1825 814 1912 vituperanda
833 1837 914 1893 sunt.

220 1950 267 2015 De
290 1974 343 2031 eo,
379 1950 460 2035 quod
483 1949 541 2015 sibi
564 1951 734 2036 proposuit,
768 1951 830 2039 ipse
853 1976 939 2039 saepe
960 1951 1107 2036 loquitur,
1129 1950 1243 2015 veluti:

176 2098 190 2140 n
197 2075 348 2161 proposita
364 2074 443 2140 vitae
454 2077 519 2162 ejus
532 2073 614 2141 velut
626 2100 759 2153 summa,
784 2085 882 2164 partes
894 2077 1070 2164 singillatim
1084 2100 1182 2162 neque
1193 2100 1246 2163 per

177 2207 313 2286 tempora
336 2201 387 2265 sed
408 2223 461 2287 per
483 2201 594 2287 species
615 2224 776 2288 exsequar,
788 2225 849 2287 quo
861 2201 1032 2267 distinctius
1044 2201 1246 2267 demonstrari

177 2325 375 2410 cognoscique
396 2326 511 2412 possint
524 2328 583 2412 ὅ).”

220 2447 358 2532 Quorum
399 2448 559 2515 verborum
602 2451 627 2515 si
661 2452 807 2515 rationem
840 2451 1054 2534 habuerimuS,
1096 2452 1184 2518 facile
1218 2451 1246 2516 ei

174 2575 379 2660 ignoscemus,
411 2576 492 2661 quud
516 2582 650 2662 temporo
673 2599 734 2640 non
757 2576 912 2656 observet,
934 2577 1014 2642 bella
1038 2580 1099 2642 fere
1126 2577 1247 2641 omittet

175 2705 205 2762 et
226 2706 344 2784 praeter
364 2699 530 2785 principem
554 2699 654 2764 omnia
676 2700 827 2786 negligat,
840 2696 1104 2786 'quemadmodum
1127 2702 1158 2766 in
1183 2701 1246 2767 vita

174 2821 284 2887 'liberii
309 2823 345 2887 de
369 2824 475 2908 Sejano
500 2826 561 2889 fere
583 2822 661 2888 nihil
682 2825 783 2890 tradit.
1233 2818 1237 2825 ⁸

221 2947 368 3012 Pervenio
408 2948 446 3013 ud
487 2948 694 3014 difficillimam
742 2947 966 3037 quaestionem,
1012 2952 1066 3036 qui
1108 2953 1246 3018 Suetonii

175 3079 310 3137 suctores
352 3072 472 3138 fuerint.
513 3072 550 3136 Ο.
587 3071 694 3138 Olason
718 3074 745 3163 6)
789 3072 832 3141 Μ.
869 3075 1030 3141 Servilium
1070 3077 1246 3143 Nonianum

174 3196 369 3282 praecipuum
402 3204 537 3262 autorem
572 3198 636 3283 ejus
666 3199 698 3262 in
732 3199 794 3264 vitu
828 3194 938 3265 Tiberii
964 3194 1055 3266 fuisse
1077 3202 1243 3283 abitratur,

211 3453 231 3518 1)
248 3452 317 3503 Suet.
337 3454 389 3504 Cul.
408 3453 451 3504 m.

209 3556 230 3619 2)
249 3557 308 3608 Luc.
326 3557 381 3616 Quo
400 3559 474 3607 modo
489 3557 592 3608 historia
610 3558 743 3609 scribenda
760 3560 798 3609 sit.
818 3558 857 3609 16.

211 3657 222 3691 ³
250 3657 321 3710 Suet.
338 3660 369 3710 dc
387 3663 502 3713 Gramm.
521 3661 560 3712 10.

216 3760 239 3823 ⁴)
257 3761 354 3825 Vopisc.
374 3763 429 3813 Vita
448 3764 531 3814 Probi.
549 3765 570 3814 11
592 3764 615 3814 7.

251 3862 347 3927 vopisc.
368 3865 420 3916 vita
440 3867 521 3915 Firmi.
537 3868 546 3917 1
564 3864 587 3916 i.
641 3932 645 3939 ᾗ

212 3963 234 4028 ⁵)
252 3964 322 4016 Suet.
341 3967 406 4032 Aug.
424 3968 452 4030 t),
470 3967 541 4018 nude
553 3969 616 4033 Aug.
635 3967 680 4028 61,
696 3968 748 4019 Tib.
769 3969 814 4033 42,
833 3971 878 4029 ul,
897 3974 947 4024 cu.
966 3974 1011 4039 22,
1032 3977 1100 4031 Nero
1115 3976 1159 4027 m.

211 4067 233 4130 ⁰)
251 4068 279 4117 0.
299 4070 398 4120 Closou.
421 4071 522 4121 Tacitus
540 4072 590 4121 uml
608 4070 711 4121 Sueten.
729 4071 802 4137 1870,
821 4091 876 4142 pagi
896 4077 940 4128 56.
