<?xml version="1.0" encoding="UTF-8"?>
<!DOCTYPE html PUBLIC "-//W3C//DTD XHTML 1.0 Transitional//EN"
    "http://www.w3.org/TR/xhtml1/DTD/xhtml1-transitional.dtd">
<html xmlns="http://www.w3.org/1999/xhtml" xml:lang="en" lang="en">
 <head>
  <title>
</title>
<meta http-equiv="Content-Type" content="text/html;charset=utf-8" />
  <meta name='ocr-system' content='tesseract 3.04.00' />
  <meta name='ocr-capabilities' content='ocr_page ocr_carea ocr_par ocr_line ocrx_word'/>
</head>
<body>
  <div class='ocr_page' id='page_1' title='image "./defideetauctori00andrgoog_0092.png"; bbox 0 0 2842 4920; ppageno 0'>
   <div class='ocr_carea' id='block_1_1' title="bbox 675 392 714 454">
    <p class='ocr_par' dir='ltr' id='par_1_1' title="bbox 675 392 714 454">
     <span class='ocr_line' id='line_1_1' title="bbox 675 392 714 454; baseline -0.026 0"><span class='ocrx_word' id='word_1_1' title='bbox 675 392 714 454; x_wconf 87' lang='grc'>79</span> 
     </span>
    </p>
   </div>
   <div class='ocr_carea' id='block_1_2' title="bbox 149 601 1327 3924">
    <p class='ocr_par' dir='ltr' id='par_1_2' title="bbox 156 601 1231 1059">
     <span class='ocr_line' id='line_1_2' title="bbox 158 601 1229 688; baseline 0 -22"><span class='ocrx_word' id='word_1_2' title='bbox 158 602 208 666; x_wconf 84' lang='lat' dir='ltr'>sed</span> <span class='ocrx_word' id='word_1_3' title='bbox 237 610 301 667; x_wconf 86' lang='lat' dir='ltr'>tam</span> <span class='ocrx_word' id='word_1_4' title='bbox 323 626 417 688; x_wconf 87' lang='lat' dir='ltr'>pauca</span> <span class='ocrx_word' id='word_1_5' title='bbox 440 603 495 668; x_wconf 88' lang='lat' dir='ltr'>hac</span> <span class='ocrx_word' id='word_1_6' title='bbox 518 602 551 666; x_wconf 92' lang='lat' dir='ltr'>in</span> <span class='ocrx_word' id='word_1_7' title='bbox 574 625 605 666; x_wconf 86' lang='lat' dir='ltr'>re</span> <span class='ocrx_word' id='word_1_8' title='bbox 630 609 709 667; x_wconf 88' lang='lat' dir='ltr'>certa</span> <span class='ocrx_word' id='word_1_9' title='bbox 732 609 821 682; x_wconf 87' lang='lat' dir='ltr'>sunt,</span> <span class='ocrx_word' id='word_1_10' title='bbox 858 609 891 666; x_wconf 93' lang='lat' dir='ltr'>ut</span> <span class='ocrx_word' id='word_1_11' title='bbox 915 601 990 666; x_wconf 92' lang='lat' dir='ltr'>mihi</span> <span class='ocrx_word' id='word_1_12' title='bbox 1013 602 1089 667; x_wconf 90' lang='lat' dir='ltr'>hanc</span> <span class='ocrx_word' id='word_1_13' title='bbox 1112 624 1174 666; x_wconf 88' lang='lat' dir='ltr'>rem</span> <span class='ocrx_word' id='word_1_14' title='bbox 1197 602 1229 666; x_wconf 90' lang='lat' dir='ltr'>in</span> 
     </span>
     <span class='ocr_line' id='line_1_3' title="bbox 159 725 1229 813; baseline 0.002 -23"><span class='ocrx_word' id='word_1_15' title='bbox 159 727 256 791; x_wconf 88' lang='lat' dir='ltr'>medio</span> <span class='ocrx_word' id='word_1_16' title='bbox 289 727 459 812; x_wconf 82' lang='lat' dir='ltr'>relinquere</span> <span class='ocrx_word' id='word_1_17' title='bbox 492 729 586 791; x_wconf 88' lang='lat' dir='ltr'>satius</span> <span class='ocrx_word' id='word_1_18' title='bbox 622 727 766 790; x_wconf 86' lang='lat' dir='ltr'>videatur.</span> <span class='ocrx_word' id='word_1_19' title='bbox 803 725 864 789; x_wconf 87' lang='lat' dir='ltr'>Hic</span> <span class='ocrx_word' id='word_1_20' title='bbox 893 727 983 791; x_wconf 77' lang='lat' dir='ltr'>etia-m</span> <span class='ocrx_word' id='word_1_21' title='bbox 1006 750 1127 813; x_wconf 85' lang='lat' dir='ltr'>campus</span> <span class='ocrx_word' id='word_1_22' title='bbox 1149 727 1229 792; x_wconf 90' lang='lat' dir='ltr'>latus</span> 
     </span>
     <span class='ocr_line' id='line_1_4' title="bbox 156 850 1231 938; baseline 0.002 -24"><span class='ocrx_word' id='word_1_23' title='bbox 156 851 319 936; x_wconf 82' lang='lat' dir='ltr'>ingeniosis</span> <span class='ocrx_word' id='word_1_24' title='bbox 342 852 521 938; x_wconf 88' lang='lat' dir='ltr'>conjecturis</span> <span class='ocrx_word' id='word_1_25' title='bbox 543 858 626 937; x_wconf 84' lang='lat' dir='ltr'>patet</span> <span class='ocrx_word' id='word_1_26' title='bbox 649 851 701 915; x_wconf 83' lang='lat' dir='ltr'>sed.</span> <span class='ocrx_word' id='word_1_27' title='bbox 723 850 837 915; x_wconf 90' lang='lat' dir='ltr'>bonum</span> <span class='ocrx_word' id='word_1_28' title='bbox 857 852 1087 935; x_wconf 83' lang='lat' dir='ltr'>grammaticum</span> <span class='ocrx_word' id='word_1_29' title='bbox 1112 858 1231 936; x_wconf 89' lang='lat' dir='ltr'>oportet</span> 
     </span>
     <span class='ocr_line' id='line_1_5' title="bbox 158 974 404 1059; baseline 0.012 -21"><span class='ocrx_word' id='word_1_30' title='bbox 158 974 257 1059; x_wconf 86' lang='lat' dir='ltr'>aliqua</span> <span class='ocrx_word' id='word_1_31' title='bbox 282 976 404 1041; x_wconf 88' lang='lat' dir='ltr'>nescire.</span> 
     </span>
    </p>

    <p class='ocr_par' dir='ltr' id='par_1_3' title="bbox 149 1098 1327 3924">
     <span class='ocr_line' id='line_1_6' title="bbox 203 1098 1230 1186; baseline 0.003 -24"><span class='ocrx_word' id='word_1_32' title='bbox 203 1098 323 1178; x_wconf 74' lang='lat' dir='ltr'>Quibus</span> <span class='ocrx_word' id='word_1_33' title='bbox 335 1098 470 1164; x_wconf 87' lang='lat' dir='ltr'>fontibus</span> <span class='ocrx_word' id='word_1_34' title='bbox 483 1099 645 1164; x_wconf 82' lang='lat' dir='ltr'>Suetonius</span> <span class='ocrx_word' id='word_1_35' title='bbox 659 1100 705 1164; x_wconf 90' lang='lat' dir='ltr'>uti</span> <span class='ocrx_word' id='word_1_36' title='bbox 718 1100 869 1186; x_wconf 86' lang='lat' dir='ltr'>potuerit,</span> <span class='ocrx_word' id='word_1_37' title='bbox 887 1100 983 1186; x_wconf 87' lang='lat' dir='ltr'>capite</span> <span class='ocrx_word' id='word_1_38' title='bbox 994 1099 1093 1185; x_wconf 89' lang='lat' dir='ltr'>primo</span> <span class='ocrx_word' id='word_1_39' title='bbox 1104 1099 1230 1165; x_wconf 85' lang='lat' dir='ltr'>ostendi.</span> 
     </span>
     <span class='ocr_line' id='line_1_7' title="bbox 158 1223 1234 1311; baseline 0.002 -25"><span class='ocrx_word' id='word_1_40' title='bbox 158 1224 352 1288; x_wconf 81' lang='lat' dir='ltr'>Verisimile</span> <span class='ocrx_word' id='word_1_41' title='bbox 378 1231 424 1288; x_wconf 90' lang='lat' dir='ltr'>est</span> <span class='ocrx_word' id='word_1_42' title='bbox 448 1247 515 1288; x_wconf 89' lang='lat' dir='ltr'>eum</span> <span class='ocrx_word' id='word_1_43' title='bbox 541 1224 578 1288; x_wconf 84' lang='lat' dir='ltr'>err</span> <span class='ocrx_word' id='word_1_44' title='bbox 600 1223 805 1310; x_wconf 86' lang='lat' dir='ltr'>compluribus</span> <span class='ocrx_word' id='word_1_45' title='bbox 816 1227 916 1288; x_wconf 89' lang='lat' dir='ltr'>fontes</span> <span class='ocrx_word' id='word_1_46' title='bbox 927 1224 1064 1288; x_wconf 90' lang='lat' dir='ltr'>hausisse</span> <span class='ocrx_word' id='word_1_47' title='bbox 1076 1232 1107 1289; x_wconf 92' lang='lat' dir='ltr'>et</span> <span class='ocrx_word' id='word_1_48' title='bbox 1117 1231 1234 1311; x_wconf 86' lang='lat' dir='ltr'>praeter</span> 
     </span>
     <span class='ocr_line' id='line_1_8' title="bbox 157 1346 1230 1434; baseline 0.002 -24"><span class='ocrx_word' id='word_1_49' title='bbox 157 1354 354 1412; x_wconf 89' lang='lat' dir='ltr'>monumenta</span> <span class='ocrx_word' id='word_1_50' title='bbox 375 1346 496 1434; x_wconf 88' lang='lat' dir='ltr'>publiea</span> <span class='ocrx_word' id='word_1_51' title='bbox 519 1355 550 1412; x_wconf 90' lang='lat' dir='ltr'>et</span> <span class='ocrx_word' id='word_1_52' title='bbox 572 1347 730 1412; x_wconf 89' lang='lat' dir='ltr'>historicos</span> <span class='ocrx_word' id='word_1_53' title='bbox 753 1348 843 1414; x_wconf 87' lang='lat' dir='ltr'>etiam</span> <span class='ocrx_word' id='word_1_54' title='bbox 867 1348 986 1413; x_wconf 88' lang='lat' dir='ltr'>libellos</span> <span class='ocrx_word' id='word_1_55' title='bbox 1008 1352 1137 1414; x_wconf 88' lang='lat' dir='ltr'>famosos</span> <span class='ocrx_word' id='word_1_56' title='bbox 1148 1348 1230 1413; x_wconf 88' lang='lat' dir='ltr'>adhi-</span> 
     </span>
     <span class='ocr_line' id='line_1_9' title="bbox 157 1472 1232 1558; baseline 0.001 -22"><span class='ocrx_word' id='word_1_57' title='bbox 157 1472 258 1536; x_wconf 90' lang='lat' dir='ltr'>buisse</span> <span class='ocrx_word' id='word_1_58' title='bbox 281 1472 452 1557; x_wconf 90' lang='lat' dir='ltr'>multosque</span> <span class='ocrx_word' id='word_1_59' title='bbox 475 1495 608 1536; x_wconf 90' lang='lat' dir='ltr'>rumores</span> <span class='ocrx_word' id='word_1_60' title='bbox 633 1472 750 1536; x_wconf 90' lang='lat' dir='ltr'>odiosos</span> <span class='ocrx_word' id='word_1_61' title='bbox 761 1472 831 1536; x_wconf 89' lang='lat' dir='ltr'>inde</span> <span class='ocrx_word' id='word_1_62' title='bbox 841 1472 995 1558; x_wconf 80' lang='lat' dir='ltr'>petivisse.</span> <span class='ocrx_word' id='word_1_63' title='bbox 1018 1472 1076 1537; x_wconf 91' lang='lat' dir='ltr'>Sed</span> <span class='ocrx_word' id='word_1_64' title='bbox 1087 1472 1164 1538; x_wconf 90' lang='lat' dir='ltr'>nihil</span> <span class='ocrx_word' id='word_1_65' title='bbox 1176 1473 1232 1537; x_wconf 90' lang='lat' dir='ltr'>hac</span> 
     </span>
     <span class='ocr_line' id='line_1_10' title="bbox 159 1596 1230 1682; baseline 0.002 -22"><span class='ocrx_word' id='word_1_66' title='bbox 159 1597 195 1660; x_wconf 90' lang='lat' dir='ltr'>de</span> <span class='ocrx_word' id='word_1_67' title='bbox 222 1616 258 1661; x_wconf 87' lang='lat' dir='ltr'>re</span> <span class='ocrx_word' id='word_1_68' title='bbox 280 1603 415 1676; x_wconf 88' lang='lat' dir='ltr'>constat,</span> <span class='ocrx_word' id='word_1_69' title='bbox 447 1597 505 1661; x_wconf 88' lang='lat' dir='ltr'>nisi</span> <span class='ocrx_word' id='word_1_70' title='bbox 529 1596 610 1682; x_wconf 93' lang='lat' dir='ltr'>quod</span> <span class='ocrx_word' id='word_1_71' title='bbox 633 1620 773 1682; x_wconf 84' lang='lat' dir='ltr'>magnam</span> <span class='ocrx_word' id='word_1_72' title='bbox 796 1597 982 1682; x_wconf 86' lang='lat' dir='ltr'>diligentiam</span> <span class='ocrx_word' id='word_1_73' title='bbox 1004 1597 1036 1661; x_wconf 89' lang='lat' dir='ltr'>in</span> <span class='ocrx_word' id='word_1_74' title='bbox 1058 1597 1230 1662; x_wconf 87' lang='lat' dir='ltr'>auctoribus</span> 
     </span>
     <span class='ocr_line' id='line_1_11' title="bbox 159 1719 1233 1808; baseline 0.002 -24"><span class='ocrx_word' id='word_1_75' title='bbox 159 1719 333 1804; x_wconf 80' lang='lat' dir='ltr'>colligendis</span> <span class='ocrx_word' id='word_1_76' title='bbox 367 1720 506 1785; x_wconf 77' lang='lat' dir='ltr'>adhibuit</span> <span class='ocrx_word' id='word_1_77' title='bbox 528 1728 559 1785; x_wconf 89' lang='lat' dir='ltr'>et</span> <span class='ocrx_word' id='word_1_78' title='bbox 582 1721 673 1785; x_wconf 90' lang='lat' dir='ltr'>multi</span> <span class='ocrx_word' id='word_1_79' title='bbox 696 1722 723 1785; x_wconf 91' lang='lat' dir='ltr'>ei</span> <span class='ocrx_word' id='word_1_80' title='bbox 746 1729 863 1808; x_wconf 81' lang='lat' dir='ltr'>pra-esto</span> <span class='ocrx_word' id='word_1_81' title='bbox 887 1724 1018 1787; x_wconf 85' lang='lat' dir='ltr'>fuerunt.</span> <span class='ocrx_word' id='word_1_82' title='bbox 1057 1722 1164 1787; x_wconf 82' lang='lat' dir='ltr'>Gravis</span> <span class='ocrx_word' id='word_1_83' title='bbox 1187 1729 1233 1786; x_wconf 90' lang='lat' dir='ltr'>est</span> 
     </span>
     <span class='ocr_line' id='line_1_12' title="bbox 159 1844 1231 1932; baseline 0.002 -24"><span class='ocrx_word' id='word_1_84' title='bbox 159 1844 308 1928; x_wconf 77' lang='lat' dir='ltr'>quaestio,</span> <span class='ocrx_word' id='word_1_85' title='bbox 343 1851 448 1908; x_wconf 90' lang='lat' dir='ltr'>utrum</span> <span class='ocrx_word' id='word_1_86' title='bbox 473 1845 637 1909; x_wconf 84' lang='lat' dir='ltr'>Suetonius</span> <span class='ocrx_word' id='word_1_87' title='bbox 660 1846 799 1911; x_wconf 84' lang='lat' dir='ltr'>Tacitum</span> <span class='ocrx_word' id='word_1_88' title='bbox 821 1845 992 1911; x_wconf 81' lang='lat' dir='ltr'>adhibuerit</span> <span class='ocrx_word' id='word_1_89' title='bbox 1016 1869 1127 1926; x_wconf 88' lang='lat' dir='ltr'>necne,</span> <span class='ocrx_word' id='word_1_90' title='bbox 1150 1847 1231 1932; x_wconf 93' lang='lat' dir='ltr'>quod</span> 
     </span>
     <span class='ocr_line' id='line_1_13' title="bbox 160 1967 1232 2055; baseline 0.003 -24"><span class='ocrx_word' id='word_1_91' title='bbox 160 1967 286 2031; x_wconf 81' lang='lat' dir='ltr'>maxime</span> <span class='ocrx_word' id='word_1_92' title='bbox 317 1968 353 2032; x_wconf 89' lang='lat' dir='ltr'>ad</span> <span class='ocrx_word' id='word_1_93' title='bbox 377 1967 454 2032; x_wconf 86' lang='lat' dir='ltr'>hanc</span> <span class='ocrx_word' id='word_1_94' title='bbox 475 1968 706 2053; x_wconf 89' lang='lat' dir='ltr'>inquisitionem</span> <span class='ocrx_word' id='word_1_95' title='bbox 728 1971 878 2055; x_wconf 86' lang='lat' dir='ltr'>pertinere</span> <span class='ocrx_word' id='word_1_96' title='bbox 900 1970 1036 2036; x_wconf 86' lang='lat' dir='ltr'>arbitror.</span> <span class='ocrx_word' id='word_1_97' title='bbox 1074 1971 1107 2034; x_wconf 93' lang='lat' dir='ltr'>Si</span> <span class='ocrx_word' id='word_1_98' title='bbox 1130 1978 1232 2035; x_wconf 90' lang='lat' dir='ltr'>autem</span> 
     </span>
     <span class='ocr_line' id='line_1_14' title="bbox 158 2092 1232 2179; baseline 0.002 -23"><span class='ocrx_word' id='word_1_99' title='bbox 158 2092 243 2157; x_wconf 90' lang='lat' dir='ltr'>libris</span> <span class='ocrx_word' id='word_1_100' title='bbox 277 2093 435 2178; x_wconf 90' lang='lat' dir='ltr'>utriusque</span> <span class='ocrx_word' id='word_1_101' title='bbox 458 2116 519 2158; x_wconf 89' lang='lat' dir='ltr'>non</span> <span class='ocrx_word' id='word_1_102' title='bbox 542 2093 683 2179; x_wconf 90' lang='lat' dir='ltr'>inspectis</span> <span class='ocrx_word' id='word_1_103' title='bbox 706 2117 856 2178; x_wconf 86' lang='lat' dir='ltr'>rogamus,</span> <span class='ocrx_word' id='word_1_104' title='bbox 891 2118 965 2158; x_wconf 90' lang='lat' dir='ltr'>num</span> <span class='ocrx_word' id='word_1_105' title='bbox 988 2092 1052 2160; x_wconf 88' lang='lat' dir='ltr'>veri</span> <span class='ocrx_word' id='word_1_106' title='bbox 1074 2094 1171 2158; x_wconf 90' lang='lat' dir='ltr'>simile</span> <span class='ocrx_word' id='word_1_107' title='bbox 1193 2095 1232 2158; x_wconf 90' lang='lat' dir='ltr'>sit</span> 
     </span>
     <span class='ocr_line' id='line_1_15' title="bbox 159 2199 1230 2302; baseline 0.006 -22"><span class='ocrx_word' id='word_1_108' title='bbox 159 2218 338 2282; x_wconf 88' lang='lat' dir='ltr'>Suetonium</span> <span class='ocrx_word' id='word_1_109' title='bbox 359 2218 462 2282; x_wconf 76' lang='lat' dir='ltr'>Tacito</span> <span class='ocrx_word' id='word_1_110' title='bbox 486 2238 575 2281; x_wconf 90' lang='lat' dir='ltr'>usum</span> <span class='ocrx_word' id='word_1_111' title='bbox 586 2199 664 2296; x_wconf 88' lang='lat' dir='ltr'>esse,</span> <span class='ocrx_word' id='word_1_112' title='bbox 689 2218 747 2282; x_wconf 89' lang='lat' dir='ltr'>hoc</span> <span class='ocrx_word' id='word_1_113' title='bbox 758 2218 928 2302; x_wconf 87' lang='lat' dir='ltr'>negandum</span> <span class='ocrx_word' id='word_1_114' title='bbox 940 2219 1015 2283; x_wconf 90' lang='lat' dir='ltr'>mihi</span> <span class='ocrx_word' id='word_1_115' title='bbox 1027 2242 1090 2283; x_wconf 89' lang='lat' dir='ltr'>esse</span> <span class='ocrx_word' id='word_1_116' title='bbox 1103 2219 1230 2286; x_wconf 88' lang='lat' dir='ltr'>videtur.</span> 
     </span>
     <span class='ocr_line' id='line_1_16' title="bbox 156 2342 1327 2436; baseline 0.002 -31"><span class='ocrx_word' id='word_1_117' title='bbox 156 2342 302 2407; x_wconf 85' lang='lat' dir='ltr'>Suetonio</span> <span class='ocrx_word' id='word_1_118' title='bbox 336 2345 433 2421; x_wconf 89' lang='lat' dir='ltr'>enim,</span> <span class='ocrx_word' id='word_1_119' title='bbox 469 2342 523 2429; x_wconf 94' lang='lat' dir='ltr'>qui</span> <span class='ocrx_word' id='word_1_120' title='bbox 557 2343 699 2428; x_wconf 89' lang='lat' dir='ltr'>optimam</span> <span class='ocrx_word' id='word_1_121' title='bbox 736 2342 919 2408; x_wconf 80' lang='lat' dir='ltr'>occasionem</span> <span class='ocrx_word' id='word_1_122' title='bbox 952 2342 1075 2407; x_wconf 81' lang='lat' dir='ltr'>haberet</span> <span class='ocrx_word' id='word_1_123' title='bbox 1108 2365 1146 2406; x_wconf 82' lang='lat' dir='ltr'>ex</span> <span class='ocrx_word' id='word_1_124' title='bbox 1168 2347 1232 2407; x_wconf 86' lang='lat' dir='ltr'>fon·</span> <span class='ocrx_word' id='word_1_125' title='bbox 1325 2429 1327 2436; x_wconf 27' lang='grc' dir='ltr'>Ι</span> 
     </span>
     <span class='ocr_line' id='line_1_17' title="bbox 158 2466 1233 2552; baseline 0.001 -22"><span class='ocrx_word' id='word_1_126' title='bbox 158 2466 241 2530; x_wconf 88' lang='lat' dir='ltr'>tibus</span> <span class='ocrx_word' id='word_1_127' title='bbox 275 2467 379 2531; x_wconf 89' lang='lat' dir='ltr'>sedulo</span> <span class='ocrx_word' id='word_1_128' title='bbox 413 2466 602 2552; x_wconf 86' lang='lat' dir='ltr'>investigatis</span> <span class='ocrx_word' id='word_1_129' title='bbox 636 2467 808 2546; x_wconf 90' lang='lat' dir='ltr'>hauriendi,</span> <span class='ocrx_word' id='word_1_130' title='bbox 844 2490 905 2531; x_wconf 88' lang='lat' dir='ltr'>non</span> <span class='ocrx_word' id='word_1_131' title='bbox 941 2474 1022 2544; x_wconf 88' lang='lat' dir='ltr'>erat,</span> <span class='ocrx_word' id='word_1_132' title='bbox 1054 2467 1107 2531; x_wconf 85' lang='lat' dir='ltr'>dur</span> <span class='ocrx_word' id='word_1_133' title='bbox 1129 2466 1233 2532; x_wconf 82' lang='lat' dir='ltr'>Tacito</span> 
     </span>
     <span class='ocr_line' id='line_1_18' title="bbox 159 2590 1233 2677; baseline 0 -23"><span class='ocrx_word' id='word_1_134' title='bbox 159 2598 304 2670; x_wconf 86' lang='lat' dir='ltr'>uteretur,</span> <span class='ocrx_word' id='word_1_135' title='bbox 328 2592 381 2677; x_wconf 90' lang='lat' dir='ltr'>qui</span> <span class='ocrx_word' id='word_1_136' title='bbox 403 2614 466 2656; x_wconf 90' lang='lat' dir='ltr'>non</span> <span class='ocrx_word' id='word_1_137' title='bbox 488 2599 551 2656; x_wconf 91' lang='lat' dir='ltr'>tam</span> <span class='ocrx_word' id='word_1_138' title='bbox 574 2615 605 2656; x_wconf 92' lang='lat' dir='ltr'>se</span> <span class='ocrx_word' id='word_1_139' title='bbox 628 2592 849 2657; x_wconf 88' lang='lat' dir='ltr'>commendaret</span> <span class='ocrx_word' id='word_1_140' title='bbox 871 2591 975 2656; x_wconf 89' lang='lat' dir='ltr'>multis</span> <span class='ocrx_word' id='word_1_141' title='bbox 987 2590 1233 2676; x_wconf 88' lang='lat' dir='ltr'>inquisitionibus</span> 
     </span>
     <span class='ocr_line' id='line_1_19' title="bbox 149 2716 1232 2803; baseline 0.001 -24"><span class='ocrx_word' id='word_1_142' title='bbox 149 2739 251 2801; x_wconf 51' lang='lat' dir='ltr'>¹quam</span> <span class='ocrx_word' id='word_1_143' title='bbox 273 2717 423 2802; x_wconf 88' lang='lat' dir='ltr'>praeclaro</span> <span class='ocrx_word' id='word_1_144' title='bbox 446 2716 525 2782; x_wconf 90' lang='lat' dir='ltr'>stilo.</span> <span class='ocrx_word' id='word_1_145' title='bbox 563 2717 595 2781; x_wconf 92' lang='lat' dir='ltr'>Si</span> <span class='ocrx_word' id='word_1_146' title='bbox 617 2717 780 2783; x_wconf 88' lang='lat' dir='ltr'>Suetonius</span> <span class='ocrx_word' id='word_1_147' title='bbox 804 2717 921 2803; x_wconf 89' lang='lat' dir='ltr'>saepius</span> <span class='ocrx_word' id='word_1_148' title='bbox 944 2739 1014 2781; x_wconf 91' lang='lat' dir='ltr'>cum</span> <span class='ocrx_word' id='word_1_149' title='bbox 1036 2716 1140 2781; x_wconf 82' lang='lat' dir='ltr'>Tacito</span> <span class='ocrx_word' id='word_1_150' title='bbox 1163 2739 1232 2780; x_wconf 94' lang='lat' dir='ltr'>con·</span> 
     </span>
     <span class='ocr_line' id='line_1_20' title="bbox 159 2840 1232 2926; baseline 0 -22"><span class='ocrx_word' id='word_1_151' title='bbox 159 2841 252 2925; x_wconf 88' lang='lat' dir='ltr'>gruit,</span> <span class='ocrx_word' id='word_1_152' title='bbox 273 2862 448 2926; x_wconf 90' lang='lat' dir='ltr'>persuasum</span> <span class='ocrx_word' id='word_1_153' title='bbox 472 2842 546 2906; x_wconf 89' lang='lat' dir='ltr'>mihi</span> <span class='ocrx_word' id='word_1_154' title='bbox 569 2850 615 2907; x_wconf 91' lang='lat' dir='ltr'>est</span> <span class='ocrx_word' id='word_1_155' title='bbox 637 2842 694 2906; x_wconf 90' lang='lat' dir='ltr'>hoc</span> <span class='ocrx_word' id='word_1_156' title='bbox 718 2847 962 2919; x_wconf 83' lang='lat' dir='ltr'>eoluctumesse,</span> <span class='ocrx_word' id='word_1_157' title='bbox 986 2841 1067 2925; x_wconf 91' lang='lat' dir='ltr'>quod</span> <span class='ocrx_word' id='word_1_158' title='bbox 1079 2863 1116 2904; x_wconf 83' lang='lat' dir='ltr'>ex</span> <span class='ocrx_word' id='word_1_159' title='bbox 1126 2840 1232 2904; x_wconf 90' lang='lat' dir='ltr'>iisdem</span> 
     </span>
     <span class='ocr_line' id='line_1_21' title="bbox 159 2964 1232 3051; baseline -0.001 -22"><span class='ocrx_word' id='word_1_160' title='bbox 159 2966 295 3031; x_wconf 87' lang='lat' dir='ltr'>fontibus</span> <span class='ocrx_word' id='word_1_161' title='bbox 317 2967 479 3031; x_wconf 85' lang='lat' dir='ltr'>haurirent.</span> <span class='ocrx_word' id='word_1_162' title='bbox 505 2967 642 3031; x_wconf 81' lang='lat' dir='ltr'>Forsitan</span> <span class='ocrx_word' id='word_1_163' title='bbox 666 2989 785 3051; x_wconf 89' lang='lat' dir='ltr'>quoque</span> <span class='ocrx_word' id='word_1_164' title='bbox 808 2966 930 3030; x_wconf 83' lang='lat' dir='ltr'>Tacitus</span> <span class='ocrx_word' id='word_1_165' title='bbox 954 2988 1026 3028; x_wconf 93' lang='lat' dir='ltr'>usus</span> <span class='ocrx_word' id='word_1_166' title='bbox 1049 2965 1089 3029; x_wconf 89' lang='lat' dir='ltr'>sit</span> <span class='ocrx_word' id='word_1_167' title='bbox 1110 2964 1232 3049; x_wconf 89' lang='lat' dir='ltr'>quibus·</span> 
     </span>
     <span class='ocr_line' id='line_1_22' title="bbox 160 3090 1233 3176; baseline 0.002 -23"><span class='ocrx_word' id='word_1_168' title='bbox 160 3090 229 3153; x_wconf 87' lang='lat' dir='ltr'>dam</span> <span class='ocrx_word' id='word_1_169' title='bbox 263 3091 408 3176; x_wconf 86' lang='lat' dir='ltr'>excerptis</span> <span class='ocrx_word' id='word_1_170' title='bbox 442 3097 473 3154; x_wconf 86' lang='lat' dir='ltr'>et</span> <span class='ocrx_word' id='word_1_171' title='bbox 508 3092 730 3155; x_wconf 88' lang='lat' dir='ltr'>commentariis</span> <span class='ocrx_word' id='word_1_172' title='bbox 754 3090 842 3155; x_wconf 91' lang='lat' dir='ltr'>amici</span> <span class='ocrx_word' id='word_1_173' title='bbox 864 3090 1083 3155; x_wconf 80' lang='lat' dir='ltr'>sui-Suetonii.</span> <span class='ocrx_word' id='word_1_174' title='bbox 1120 3091 1179 3155; x_wconf 90' lang='lat' dir='ltr'>Sed</span> <span class='ocrx_word' id='word_1_175' title='bbox 1200 3092 1233 3156; x_wconf 89' lang='lat' dir='ltr'>in</span> 
     </span>
     <span class='ocr_line' id='line_1_23' title="bbox 160 3212 1233 3301; baseline 0 -23"><span class='ocrx_word' id='word_1_176' title='bbox 160 3214 222 3278; x_wconf 86' lang='lat' dir='ltr'>vita</span> <span class='ocrx_word' id='word_1_177' title='bbox 244 3212 356 3279; x_wconf 76' lang='lat' dir='ltr'>Tiberii</span> <span class='ocrx_word' id='word_1_178' title='bbox 379 3215 466 3300; x_wconf 90' lang='lat' dir='ltr'>pauci</span> <span class='ocrx_word' id='word_1_179' title='bbox 489 3215 549 3278; x_wconf 88' lang='lat' dir='ltr'>loci</span> <span class='ocrx_word' id='word_1_180' title='bbox 572 3222 691 3296; x_wconf 85' lang='lat' dir='ltr'>extant,</span> <span class='ocrx_word' id='word_1_181' title='bbox 728 3215 781 3299; x_wconf 93' lang='lat' dir='ltr'>qui</span> <span class='ocrx_word' id='word_1_182' title='bbox 805 3215 892 3300; x_wconf 82' lang='lat' dir='ltr'>pla-nc</span> <span class='ocrx_word' id='word_1_183' title='bbox 915 3222 1094 3301; x_wconf 87' lang='lat' dir='ltr'>congruunt.</span> <span class='ocrx_word' id='word_1_184' title='bbox 1120 3215 1233 3279; x_wconf 84' lang='lat' dir='ltr'>Rerum</span> 
     </span>
     <span class='ocr_line' id='line_1_24' title="bbox 160 3339 1234 3424; baseline 0 -22"><span class='ocrx_word' id='word_1_185' title='bbox 160 3346 267 3404; x_wconf 89' lang='lat' dir='ltr'>natura</span> <span class='ocrx_word' id='word_1_186' title='bbox 308 3343 367 3404; x_wconf 84' lang='lat' dir='ltr'>fert</span> <span class='ocrx_word' id='word_1_187' title='bbox 409 3362 457 3403; x_wconf 89' lang='lat' dir='ltr'>eos</span> <span class='ocrx_word' id='word_1_188' title='bbox 490 3340 522 3403; x_wconf 89' lang='lat' dir='ltr'>in</span> <span class='ocrx_word' id='word_1_189' title='bbox 556 3339 645 3404; x_wconf 87' lang='lat' dir='ltr'>rebus</span> <span class='ocrx_word' id='word_1_190' title='bbox 678 3340 784 3404; x_wconf 90' lang='lat' dir='ltr'>iisdem</span> <span class='ocrx_word' id='word_1_191' title='bbox 820 3339 974 3404; x_wconf 85' lang='lat' dir='ltr'>narrandis</span> <span class='ocrx_word' id='word_1_192' title='bbox 1008 3361 1095 3424; x_wconf 86' lang='lat' dir='ltr'>saepe</span> <span class='ocrx_word' id='word_1_193' title='bbox 1128 3339 1234 3403; x_wconf 91' lang='lat' dir='ltr'>iisdem</span> 
     </span>
     <span class='ocr_line' id='line_1_25' title="bbox 159 3462 1234 3550; baseline 0 -22"><span class='ocrx_word' id='word_1_194' title='bbox 159 3463 257 3528; x_wconf 87' lang='lat' dir='ltr'>verbis</span> <span class='ocrx_word' id='word_1_195' title='bbox 279 3486 349 3527; x_wconf 89' lang='lat' dir='ltr'>usos</span> <span class='ocrx_word' id='word_1_196' title='bbox 372 3485 451 3544; x_wconf 87' lang='lat' dir='ltr'>esse,</span> <span class='ocrx_word' id='word_1_197' title='bbox 477 3464 528 3528; x_wconf 90' lang='lat' dir='ltr'>sed</span> <span class='ocrx_word' id='word_1_198' title='bbox 551 3462 584 3526; x_wconf 89' lang='lat' dir='ltr'>in</span> <span class='ocrx_word' id='word_1_199' title='bbox 606 3463 654 3527; x_wconf 90' lang='lat' dir='ltr'>his</span> <span class='ocrx_word' id='word_1_200' title='bbox 670 3463 760 3528; x_wconf 91' lang='lat' dir='ltr'>rebus</span> <span class='ocrx_word' id='word_1_201' title='bbox 773 3463 972 3550; x_wconf 88' lang='lat' dir='ltr'>dijudicandis</span> <span class='ocrx_word' id='word_1_202' title='bbox 984 3462 1115 3546; x_wconf 86' lang='lat' dir='ltr'>cognitio</span> <span class='ocrx_word' id='word_1_203' title='bbox 1128 3463 1234 3528; x_wconf 86' lang='lat' dir='ltr'>intima</span> 
     </span>
     <span class='ocr_line' id='line_1_26' title="bbox 160 3586 1234 3673; baseline 0.001 -22"><span class='ocrx_word' id='word_1_204' title='bbox 160 3588 281 3673; x_wconf 88' lang='lat' dir='ltr'>linguae</span> <span class='ocrx_word' id='word_1_205' title='bbox 303 3587 389 3652; x_wconf 89' lang='lat' dir='ltr'>nobis</span> <span class='ocrx_word' id='word_1_206' title='bbox 411 3588 525 3652; x_wconf 85' lang='lat' dir='ltr'>auxilio</span> <span class='ocrx_word' id='word_1_207' title='bbox 537 3589 641 3653; x_wconf 85' lang='lat' dir='ltr'>venire</span> <span class='ocrx_word' id='word_1_208' title='bbox 653 3589 758 3653; x_wconf 90' lang='lat' dir='ltr'>debet:</span> <span class='ocrx_word' id='word_1_209' title='bbox 783 3588 809 3651; x_wconf 91' lang='lat' dir='ltr'>si</span> <span class='ocrx_word' id='word_1_210' title='bbox 820 3588 991 3652; x_wconf 87' lang='lat' dir='ltr'>invenimus</span> <span class='ocrx_word' id='word_1_211' title='bbox 1003 3586 1234 3652; x_wconf 87' lang='lat' dir='ltr'>similitudinem</span> 
     </span>
     <span class='ocr_line' id='line_1_27' title="bbox 161 3712 1234 3799; baseline 0 -21"><span class='ocrx_word' id='word_1_212' title='bbox 161 3713 340 3794; x_wconf 89' lang='lat' dir='ltr'>verborum,</span> <span class='ocrx_word' id='word_1_213' title='bbox 366 3712 487 3796; x_wconf 86' lang='lat' dir='ltr'>quibus</span> <span class='ocrx_word' id='word_1_214' title='bbox 511 3714 610 3798; x_wconf 87' lang='lat' dir='ltr'>quivis</span> <span class='ocrx_word' id='word_1_215' title='bbox 633 3714 748 3794; x_wconf 87' lang='lat' dir='ltr'>utitur,</span> <span class='ocrx_word' id='word_1_216' title='bbox 771 3712 848 3777; x_wconf 92' lang='lat' dir='ltr'>nihil</span> <span class='ocrx_word' id='word_1_217' title='bbox 871 3713 1004 3790; x_wconf 70' lang='lat' dir='ltr'>ad‘nos,</span> <span class='ocrx_word' id='word_1_218' title='bbox 1029 3712 1127 3776; x_wconf 87' lang='lat' dir='ltr'>sedsi</span> <span class='ocrx_word' id='word_1_219' title='bbox 1149 3735 1234 3799; x_wconf 88' lang='lat' dir='ltr'>repc-</span> 
     </span>
     <span class='ocr_line' id='line_1_28' title="bbox 160 3834 1234 3924; baseline 0 -22"><span class='ocrx_word' id='word_1_220' title='bbox 160 3839 254 3902; x_wconf 88' lang='lat' dir='ltr'>rimus</span> <span class='ocrx_word' id='word_1_221' title='bbox 277 3838 461 3922; x_wconf 82' lang='lat' dir='ltr'>exquisitum</span> <span class='ocrx_word' id='word_1_222' title='bbox 472 3846 503 3903; x_wconf 90' lang='lat' dir='ltr'>et</span> <span class='ocrx_word' id='word_1_223' title='bbox 513 3834 663 3924; x_wconf 85' lang='lat' dir='ltr'>peculiare</span> <span class='ocrx_word' id='word_1_224' title='bbox 676 3837 825 3922; x_wconf 90' lang='lat' dir='ltr'>quoddam</span> <span class='ocrx_word' id='word_1_225' title='bbox 837 3861 932 3923; x_wconf 83' lang='lat' dir='ltr'>genus</span> <span class='ocrx_word' id='word_1_226' title='bbox 943 3837 1079 3915; x_wconf 88' lang='lat' dir='ltr'>dicendi,</span> <span class='ocrx_word' id='word_1_227' title='bbox 1103 3841 1234 3923; x_wconf 85' lang='lat' dir='ltr'>prolecto</span> 
     </span>
    </p>
   </div>
   <div class='ocr_carea' id='block_1_3' title="bbox 160 3958 1228 4028">
    <p class='ocr_par' dir='ltr' id='par_1_4' title="bbox 160 3958 1228 4028">
     <span class='ocr_line' id='line_1_29' title="bbox 160 3958 1228 4028; baseline 0.001 -3"><span class='ocrx_word' id='word_1_228' title='bbox 160 3962 198 4026; x_wconf 89' lang='lat' dir='ltr'>de</span> <span class='ocrx_word' id='word_1_229' title='bbox 233 3962 429 4027; x_wconf 89' lang='lat' dir='ltr'>similitudine</span> <span class='ocrx_word' id='word_1_230' title='bbox 463 3962 602 4026; x_wconf 84' lang='lat' dir='ltr'>nonnihil</span> <span class='ocrx_word' id='word_1_231' title='bbox 632 3958 763 4027; x_wconf 86' lang='lat' dir='ltr'>statuere</span> <span class='ocrx_word' id='word_1_232' title='bbox 786 3962 867 4027; x_wconf 89' lang='lat' dir='ltr'>licet.</span> <span class='ocrx_word' id='word_1_233' title='bbox 902 3961 1048 4028; x_wconf 83' lang='lat' dir='ltr'>Tractabo</span> <span class='ocrx_word' id='word_1_234' title='bbox 1072 3985 1122 4026; x_wconf 91' lang='lat' dir='ltr'>eos</span> <span class='ocrx_word' id='word_1_235' title='bbox 1146 3962 1228 4026; x_wconf 89' lang='lat' dir='ltr'>locos</span> 
     </span>
    </p>
   </div>
   <div class='ocr_carea' id='block_1_4' title="bbox 160 4085 642 4172">
    <p class='ocr_par' dir='ltr' id='par_1_5' title="bbox 160 4085 642 4172">
     <span class='ocr_line' id='line_1_30' title="bbox 160 4085 642 4172; baseline 0.004 -22"><span class='ocrx_word' id='word_1_236' title='bbox 160 4086 212 4171; x_wconf 92' lang='lat' dir='ltr'>qui</span> <span class='ocrx_word' id='word_1_237' title='bbox 236 4087 273 4151; x_wconf 83' lang='lat' dir='ltr'>ad</span> <span class='ocrx_word' id='word_1_238' title='bbox 296 4085 375 4151; x_wconf 88' lang='lat' dir='ltr'>hanc</span> <span class='ocrx_word' id='word_1_239' title='bbox 396 4108 457 4150; x_wconf 88' lang='lat' dir='ltr'>rem</span> <span class='ocrx_word' id='word_1_240' title='bbox 482 4087 642 4172; x_wconf 85' lang='lat' dir='ltr'>pertinent.</span> 
     </span>
    </p>
   </div>
   <div class='ocr_carea' id='block_1_5' title="bbox 0 0 1430 4920">
    <p class='ocr_par' dir='ltr' id='par_1_6' title="bbox 0 0 1430 4920">
     <span class='ocr_line' id='line_1_31' title="bbox 0 0 1430 4920; baseline 0 0"><span class='ocrx_word' id='word_1_241' title='bbox 0 0 1430 4920; x_wconf 95' lang='lat' dir='ltr'> </span> 
     </span>
    </p>
   </div>
  </div>
 </body>
</html>
