2842 4920
683 363 723 423 55

204 535 251 600 IV
276 540 325 603 17.
348 537 450 602 Sermo
475 539 575 624 Sejani
593 561 663 604 cum
682 539 801 603 'liberio
824 539 857 601 iu
880 538 1006 603 historia
1030 541 1145 604 narrari
1165 563 1226 627 non

158 668 274 748 potest,
297 663 368 747 quia
390 685 478 727 nemo
501 663 528 727 ei
546 663 685 728 interfuit
707 662 915 731 nisiTiherius
939 671 970 728 et
983 664 1126 749 Sejanus,
1151 689 1226 753 quos

158 809 220 850 non
241 786 305 852 veri
326 787 423 851 simile
445 796 491 853 est
512 787 603 853 verba
624 788 678 851 illa
700 787 892 872 evulgavisse.
1014 822 1028 880 ·{

202 910 250 976 IV
275 914 325 977 al.
359 911 436 988 ,His
466 919 529 977 tam
552 911 678 976 assiduis
689 919 813 997 tamque
825 912 977 978 maestis.”
1002 913 1062 977 Illo
1073 937 1153 1003 anno
1164 922 1227 1001 tres

157 1059 263 1103 causae
286 1037 446 1102 memoriae
460 1037 595 1123 proditae
606 1045 678 1102 sunt
689 1037 848 1102 hominum
855 1086 865 1117 ,
878 1061 1008 1123 quorum
1020 1062 1099 1103 unus
1113 1062 1222 1104 nocens

157 1162 248 1227 fuisse
270 1187 288 1228 a
310 1162 416 1228 Tacito
436 1162 500 1247 ipso
524 1162 643 1228 dicitur.

166 1374 170 1383 .
201 1286 248 1351 IV
273 1292 322 1353 66.
362 1289 599 1363 ''Accusatorum
622 1287 717 1373 major
740 1288 772 1352 in
796 1287 858 1352 dies
881 1295 912 1353 et
933 1287 1068 1354 infestior
1091 1287 1137 1353 vis
1160 1288 1224 1353 sinc

156 1411 326 1477 levamento
347 1412 570 1497 grassabatur.”
595 1412 696 1477 Unam
718 1436 839 1477 causam
859 1412 945 1478 uobis
971 1420 1071 1478 narrat
1091 1413 1221 1481 Tacitus.
1347 1464 1352 1472 .

200 1535 248 1600 IV
273 1539 322 1602 70.
347 1536 424 1600 Rem
446 1536 518 1602 satis
540 1537 674 1624 ineptam
708 1537 856 1602 rhetorice
878 1537 1002 1631 peperit.
1026 1537 1220 1624 Reperimus:

158 1660 307 1736 „obducta
328 1661 432 1727 veste”
443 1668 474 1726 et
488 1685 568 1747 aquo
586 1662 764 1726 intendisset
775 1661 909 1727 oculos.’'
923 1661 1013 1742 Quod
1026 1661 1145 1726 difficile
1158 1668 1222 1751 erat

154 1789 254 1867 factu,
277 1785 336 1851 uisi
357 1789 435 1851 forte
457 1785 547 1851 vestis
570 1786 670 1851 Serica
691 1794 776 1851 esset.

199 1911 247 1975 VI
271 1915 321 1979 25.
348 1912 471 1988 „Jaauit
492 1911 638 1977 immensa
649 1919 773 1997 strages,
798 1911 894 1976 omnis
906 1935 1003 1992 sexus,
1016 1911 1114 1976 omnis
1126 1916 1217 1989 aetas,

154 2036 286 2102 illustres
294 2086 305 2116 ‚
323 2036 488 2121 ignobiles,
512 2037 635 2122 dispersi
647 2044 701 2101 aut
712 2037 876 2121 aggerati.''
891 2036 1076 2129 Praeclaram
1088 2035 1217 2120 descrip·
1261 2104 1267 2115 „

154 2162 285 2242 tionem,
308 2162 359 2227 sed
381 2163 407 2226 si
420 2161 560 2247 jejunum
574 2161 750 2248 scriptorem
763 2161 942 2225 Suetonium
953 2161 1088 2242 adimus,
1114 2184 1219 2226 uume-

153 2308 222 2349 rum
244 2287 305 2351 XX
328 2287 498 2353 invenimus
513 2288 547 2372 l).
657 2319 662 2327 ·
1006 2267 1011 2277 ¹
1203 2373 1206 2380 Ι

197 2410 245 2475 VI
267 2414 318 2476 45.
341 2411 427 2477 Idem
448 2413 485 2477 de
503 2412 561 2478 boc
579 2412 644 2478 loco
656 2413 750 2478 valet:
777 2411 880 2496 aquasi
894 2411 1039 2497 aspiciens
1052 2410 1225 2475 undantem

151 2558 204 2621 per
227 2536 330 2601 domos
349 2537 526 2621 sanguinem
549 2545 604 2601 aut
624 2560 728 2602 manus
747 2536 953 2602 carnificum.’'

198 2658 241 2723 Hi
261 2660 321 2726 loci
343 2661 429 2726 facile
451 2662 554 2746 augeri
573 2669 719 2747 possunt,
742 2662 792 2726 sed
816 2660 897 2747 qnod
913 2660 1038 2748 prolatis
1058 2662 1232 2747 1111111111ι

151 2806 248 2848 meam
271 2784 442 2870 opinionem
465 2787 634 2851 confirmari
651 2809 774 2863 censeo,
798 2785 871 2850 alios
893 2785 1032 2849 consulto
1052 2793 1213 2870 praetereo.

166 2967 169 2971 .
195 2908 265 2974 dam
288 2909 325 2974 de
347 2909 482 2975 fontibus
504 2910 654 2995 agendum
676 2918 731 2974 est.
756 2909 860 2974 Primo
884 2910 982 2996 capite
993 2910 1126 2999 ostendi,
1140 2932 1228 2995 quos·

150 3037 248 3123 fontes
271 3033 391 3098 Tacitus
414 3033 554 3099 adhibere
576 3034 727 3119 potuerit,
753 3056 834 3101 nunc
846 3055 1001 3118 quaeram,
1023 3002 1114 3118 quem
1126 3033 1216 3119 scrip·

150 3165 246 3223 torem
256 3158 405 3245 inprimis
417 3158 586 3225 adhibuerit
598 3165 629 3223 et
640 3180 701 3244 quo
714 3157 802 3221 modo
814 3180 849 3221 eo
857 3180 930 3222 usus
941 3158 1000 3222 sit?
1012 3157 1092 3222 Mihi
1097 3158 1217 3223 videtur

126 3283 206 3347 -hac
235 3283 267 3346 in
298 3305 331 3348 11
353 3284 450 3349 latum
472 3283 602 3370 spatium
624 3282 813 3370 propositum
835 3304 898 3346 esse
921 3282 1010 3350 variis
1034 3283 1215 3368 conjecturis

149 3430 247 3492 neque
277 3415 378 3472 tamen
407 3415 487 3473 certa
517 3407 576 3471 fide
605 3376 780 3472 nitentibus
817 3405 854 3499 05
879 3394 989 3471 Olason
1013 3428 1045 3470 se
1066 3406 1215 3499 inuenisse

148 3538 251 3617 putat,
275 3532 355 3617 quod
378 3555 448 3596 11111
466 3532 564 3597 multo
587 3531 725 3597 acumine
743 3528 888 3609 ostendit,
914 3529 1071 3593 Aufidium
1086 3528 1215 3594 Bassum

148 3656 342 3742 praecipuum
365 3658 429 3742 ejus
452 3659 566 3721 fontem
589 3679 652 3720 esse
665 3657 700 3741 ⁹).
725 3655 784 3719 Sed
806 3654 831 3718 si
841 3655 903 3740 jam
915 3658 1064 3717 constaret
1074 3652 1214 3717 Tacitum

150 3802 186 3844 ex
214 3803 249 3844 eo
276 3784 357 3845 fonte
387 3780 539 3862 hausisse,
567 3804 627 3866 quo
652 3780 741 3844 modo
762 3779 895 3866 judicare
917 3798 1075 3864 possumus
1099 3776 1135 3841 de
1157 3777 1214 3841 fide

185 3989 206 4054 ¹)
223 3988 294 4039 Suet.
311 3988 364 4040 Tib.
381 3987 422 4038 61.
439 3989 485 4038 DIo
503 3987 580 4038 LXIII
596 3986 641 4037 21.

182 4092 204 4156 2)
222 4093 250 4142 0.
269 4091 367 4141 Clasou.
385 4091 485 4141 Tacitus
503 4091 556 4140 und
574 4091 680 4140 Sueton:
697 4087 772 4138 1870.
