2842 4920
693 393 734 453 94

173 605 339 692 Agrippina
362 605 484 685 feeerit,
520 603 692 668 extalibus
725 605 858 668 moribus
879 606 947 690 jure
970 612 1073 669 tamen
1095 604 1246 691 oonjicere

172 731 261 809 lieet,
303 730 503 816 Agrippinam
538 731 693 814 complura
726 744 830 794 eontra
864 729 1018 794 Tiberium
1050 729 1245 794 oommisisse·

174 856 299 920 Etiamsi
322 855 459 919 Tiberius
473 878 532 917 non
544 855 633 939 eulpa
645 862 740 929 voert,
753 862 853 918 tamen
874 878 1012 938 maguam
1024 855 1116 939 hujus
1127 864 1245 941 partem

174 980 298 1062 Sejanus
332 979 432 1044 habet.
468 979 635 1043 Veritatom
670 978 791 1043 difficile
824 988 870 1043 est
900 981 956 1044 hoc
979 981 1010 1044 in
1034 1003 1067 1045 re
1088 981 1243 1058 invenire3

173 1125 249 1188 quae
281 1102 403 1167 Tacitus
436 1108 468 1167 et
501 1103 663 1168 Suetonius
696 1114 834 1183 narrant,
866 1105 964 1169 neseio
987 1129 1024 1169 au
1048 1105 1243 1191 provenerint

172 1252 208 1291 ex
242 1229 463 1292 commentariis
497 1229 679 1313 Agrippinae
703 1229 829 1292 Minoris
863 1238 893 1293 et
927 1252 963 1293 ex
999 1230 1053 1306 iis,
1083 1251 1161 1314 quae
1183 1229 1242 1295 sub

172 1353 326 1438 Caligula,
352 1353 535 1438 Agrippinae
554 1354 632 1432 filio,
655 1355 766 1439 scripta
777 1361 863 1431 sunt,
883 1362 917 1416 ut
929 1375 1018 1438 supra
1030 1353 1242 1418 demonstravi.

218 1477 289 1563 Cap.
317 1482 367 1541 ³34.
395 1478 432 1541 lu
455 1478 684 1563 reprehensione
709 1479 871 1542 nimiarum
896 1479 1044 1542 honorum
1068 1478 1201 1542 Neronis
1213 1488 1244 1542 et

175 1603 267 1667 Drusi
275 1603 413 1667 Tiberius
425 1604 600 1686 Augustum
611 1602 747 1666 imitatus
759 1611 804 1666 est
815 1625 913 1687 neque
924 1611 969 1667 est
979 1602 1195 1687 vituperandus
1207 1602 1243 1686 ¹).

220 1727 332 1802 „Varia
353 1726 457 1790 fraude
480 1727 563 1789 Nero
586 1736 616 1790 et
638 1726 756 1789 Drusus
768 1726 1020 1807 iudueebautuff’,
1044 1751 1098 1791 nee
1109 1736 1244 1792 tamena

173 1852 311 1930 Tiberi0,
335 1851 386 1915 sal
410 1874 427 1913 a
451 1851 558 1935 Sejauo
572 1852 606 1934 2).
631 1850 677 1913 De
700 1851 747 1913 his
770 1873 891 1935 quoque
907 1860 1165 1936 paucacoustaut,
1190 1851 1243 1917 sed

179 1977 301 2041 'Tacitus
320 1975 393 2038 dicit
412 1975 506 2039 Drusi
526 1975 680 2058 ingenium
692 1984 775 2039 atrox
790 1977 881 2038 fuisse
894 1977 932 2060 3),
951 1985 1102 2060 praeterea
1113 1977 1244 2062 legimus

176 2101 330 2165 Neronem
342 2100 578 2186 conjurationem
592 2101 692 2164 iniisse
700 2104 735 2179 ⁴).
750 2101 912 2164 Suetonius
925 2124 1006 2164 more
1017 2124 1073 2164 suo
1084 2111 1245 2186 exaggerat

174 2248 252 2309 quae
274 2225 396 2290 Tacitus
419 2225 520 2289 tradit.
545 2225 702 2309 Origiuem
721 2248 877 2289 rumorum
900 2225 937 2288 de
962 2224 1060 2289 Druso
1081 2250 1118 2290 ex
1136 2227 1240 2292 Tacito

173 2349 252 2413 hano
274 2349 365 2413 fuisse
389 2349 545 2426 novimus,
569 2350 649 2433 quod
671 2349 811 2413 Tiberius
836 2350 992 2415 maledieta
1012 2351 1105 2415 Drusi
1124 2352 1243 2416 recitari

171 2474 310 2559 jussisset
323 2477 356 2558 ὗ),

218 2601 289 2686 Cap.
315 2604 366 2666 55
390 2601 438 2664 Ex
456 2623 582 2663 numero
601 2600 708 2683 viginti
733 2600 898 2664 amicorum
924 2599 999 2664 duos
1018 2600 1067 2664 vel
1086 2600 1241 2664 tresiuoo·
1312 2673 1315 2679 ¹

173 2725 270 2789 lumea
304 2725 454 2810 praestitit
461 2750 470 2801 3
506 2723 556 2787 sed
587 2723 644 2787 hoe
674 2724 768 2789 euivis
790 2724 914 2802 accidit,
947 2726 1000 2809 qui
1032 2725 1123 2810 longa
1144 2732 1242 2789 aetate

174 2851 293 2916 fruitur.
319 2851 365 2914 De
388 2851 516 2935 singulis
539 2850 641 2914 amicis
653 2848 816 2915 videamus.
840 2849 896 2913 Cu.
910 2849 1060 2913 Lentulus
1072 2848 1166 2928 obiit,
1188 2848 1241 2914 ubi

174 2977 210 3039 ad
246 2983 431 3040 senectutem
453 2975 588 3062 pervenit
601 2975 646 3060 6);
678 2973 834 3058 Poppaeus
858 2972 987 3037 Sabinus
1011 2973 1074 3037 vita
1096 2973 1243 3038 concessit

175 3102 238 3165 siue
273 3101 441 3165 calamitate
453 3102 495 3178 7„
528 3100 670 3184 Ooocejus
692 3097 794 3162 Nerva
817 3097 873 3160 sibi
897 3106 1024 3160 mortem
1046 3097 1191 3161 conscivit
1203 3097 1241 3185 ⁸).

208 3406 229 3462 ¹)
247 3406 282 3455 Cf.
301 3419 366 3468 quaa
385 3404 432 3452 uixi
451 3404 481 3452 ad
501 3403 558 3452 Tae
576 3403 641 3451 nura
662 3403 692 3451 lv
710 3401 749 3450 17.

207 3509 229 3570 ²)
247 3508 305 3557 Tan
323 3508 388 3556 Anu.
407 3508 437 3557 {v
455 3504 495 3554 fo.

221 3612 307 3674 'JTae
325 3612 389 3660 Anu.
408 3612 439 3659 lV
457 3609 496 3659 tt).

207 3714 229 3775 ⁴)
247 3712 311 3763 Pliu.
328 3714 385 3763 Nat.
404 3714 470 3763 rust.
493 3713 546 3763 VH!
565 3710 598 3761 lut)
615 3710 679 3773 (61).

209 3815 231 3879 ⁵)
248 3816 307 3867 Tae.
324 3817 390 3866 Anu.
408 3816 439 3864 Vl
458 3814 499 3865 30.

208 3918 231 3982 ⁴¹)
276 3938 287 3967 a
342 3936 353 3967 a
408 3919 440 3969 IV
457 3915 564 3981 29,44.
581 3916 613 3967 VI
631 3915 671 3965 45.

210 4019 231 4083 ⁷)
279 4040 288 4066 a
345 4040 355 4064 a
410 4020 440 4070 {V
457 4019 497 4069 58.

210 4123 231 4186 ⁸)
277 4142 288 4169 a
345 4142 355 4169 a
408 4122 497 4172 V13‘2.
