2842 4920
682 385 746 447 124

175 595 298 661 scribit:
333 596 474 662 uDicavit
495 598 578 662 coelo
597 596 735 662 'liberius
752 597 944 682 Augustum,
964 597 1015 661 sed
1028 595 1071 684 sut
1083 597 1246 682 majestatis

177 720 288 786 crimen
312 720 469 787 induceret
493 720 552 809 ¹).’'

221 844 447 909 Antoninorum
480 852 577 911 aetate
605 845 718 910 Tiberii
751 868 860 908 nomen
884 869 901 908 a
925 845 1088 909 Plutarcho
1112 868 1243 910 comme-

176 975 318 1035 moratur.
343 969 466 1054 agitis
491 970 540 1033 do·
551 969 691 1034 libertate
709 968 828 1033 dicendi
839 969 896 1034 sub
907 969 1027 1034 Tiberio
1040 971 1074 1049 ²),
1086 969 1123 1035 de
1134 970 1238 1035 amicis

175 1093 275 1179 Sejani
293 1093 446 1159 aliberio·
452 1094 617 1159 interfectis
630 1096 667 1179 ⁸),
676 1094 713 1158 de
723 1093 921 1178 inquisitione
936 1093 1066 1178 quoiam
1077 1092 1191 1158 Tiberii
1202 1097 1238 1180 ⁴).

176 1216 352 1303 Prodigium
386 1224 504 1297 narrat,
531 1218 612 1304 quod
635 1219 736 1282 asinus
759 1218 786 1283 ei
810 1218 1012 1304 principatum
1033 1218 1182 1304 praedixit
1195 1219 1239 1308 ⁵),·
1269 1187 1273 1193 Π

175 1344 305 1407 testatur
335 1366 405 1408 eum
435 1366 601 1428 numquam
632 1343 747 1407 modico
775 1365 865 1406 usum
896 1365 959 1407 esse
990 1341 1028 1430 ⁰);
1059 1343 1181 1408 tandem
1197 1343 1246 1408 -de

176 1453 242 1553 ejus
271 1466 362 1531 exilio
384 1466 495 1555 agit7).
525 1467 681 1532 Praeterea
702 1466 835 1552 Augusti
858 1465 973 1531 dictum
1008 1474 1241 1546 commemorat,

175 1590 330 1655 Tiberium
366 1614 436 1655 eum
462 1614 540 1670 esse,
572 1591 624 1675 qui
653 1591 691 1656 dc
719 1591 822 1655 codem
849 1613 881 1655 re
904 1613 1072 1677 numquam
1093 1590 1140 1655 bis
1164 1592 1242 1676 cogi-

176 1721 262 1780 taret.
276 1714 302 1803 ⁸)
327 1714 395 1780 Hoc
407 1715 481 1780 mihi
493 1723 666 1803 suspectum
678 1723 741 1794 est,
755 1738 809 1781 nec
820 1738 891 1780 cum
901 1714 1015 1780 Tiberii
1027 1715 1161 1780 moribus
1173 1738 1246 1800 qua·

175 1837 291 1926 dratll.
325 1838 368 1902 Hi
397 1846 468 1904 sunt
497 1841 573 1918 loci,
606 1839 717 1925 quibus
751 1839 934 1904 Plutarchus
965 1838 1002 1903 dc
1024 1839 1144 1904 Tiberio
1167 1841 1244 1925 agit3

176 1964 368 2029 vehomenter
397 1971 500 2030 autem
528 1965 691 2030 dolendum
722 1973 767 2029 est
797 1965 890 2030 vitem
916 1963 1029 2029 Tiberii
1052 1964 1089 2029 ab
1114 1987 1149 2029 eo
1173 1987 1243 2030 con-

174 2087 316 2175 scriptam
337 2087 470 2174 periisse.
517 2120 519 2127 ⁸
574 2128 586 2145 ,-

218 2212 336 2277 Gellius
369 2211 487 2278 duobus
521 2214 595 2278 locis
617 2214 740 2279 Tiberii
774 2213 956 2278 mentionem
991 2212 1078 2278 facit:
1115 2212 1245 2299 diligen·

173 2336 247 2402 tiam
272 2336 385 2402 Tiberii
417 2337 548 2402 ostendit
576 2338 609 2401 in
639 2337 695 2417 iis,
726 2359 803 2423 quae
833 2339 870 2402 de
903 2360 1012 2402 corona·
1042 2338 1138 2403 civica
1167 2362 1239 2403 con-

173 2461 275 2526 stituit
290 2459 331 2548 ¹⁰)
373 2467 403 2525 et
441 2468 541 2525 narrat
583 2464 714 2540 factum,
762 2461 795 2525 in
838 2484 899 2547 quo
931 2462 1055 2531 comitas
1096 2463 1244 2548 quaedam

172 2583 285 2649 liberii
305 2583 493 2669 perspicitur,
516 2586 597 2670 quod
620 2585 823 2651 Praenestinis
847 2585 1025 2651 beneficium
1048 2585 1148 2665 dedit,
1169 2584 1242 2670 quia

172 2707 204 2772 in
237 2707 460 2795 propinquitate
493 2709 558 2794 ejus
590 2709 674 2774 urbis
706 2718 845 2795 aegrotus
872 2711 978 2775 fuisset
991 2697 1041 2798 111).
1067 2710 1173 2792 Quum
1205 2709 1244 2774 de

182 2979 401 2989 ——-—---——-—-

211 3119 230 3182 ¹)
246 3120 309 3170 Pliu
326 3116 420 3183 Paneg.
440 3119 480 3170 11.

205 3222 228 3286 ²)
245 3223 316 3273 Plut
336 3224 372 3273 lle
390 3224 455 3273 adul.
473 3223 506 3272 18
524 3222 565 3276 ed.
583 3222 668 3272 Didot.

207 3324 229 3389 ³)
246 3325 315 3376 Plut.
343 3326 380 3376 De
397 3325 472 3375 amic.
492 3327 565 3376 mul.
584 3323 608 3376 7.
699 3355 700 3360 =

204 3428 312 3491 ⁴)Plut.
343 3428 488 3478 Dedecet
507 3443 573 3477 orac.
593 3426 636 3477 17

209 3529 232 3594 ⁶)
249 3530 313 3580 Plut.
331 3530 433 3595 Fragm
451 3529 491 3593 50,
510 3529 551 3580 08.

209 3631 317 3696 θ)Ρ1ιη.
339 3633 568 3697 Deseritpraec.
590 3631 631 3683 sl.
649 3632 688 3681 An
705 3631 759 3681 seni
777 3630 809 3680 sit
826 3644 867 3680 res
884 3630 983 3695 publica
1001 3629 1121 3695 gerenda
1138 3625 1180 3677 00.

210 3734 232 3798 ⁷)
249 3735 314 3784 Plnt.
333 3735 369 3785 De
388 3735 442 3784 exil.
460 3733 487 3784 8

209 3836 231 3901 8)
248 3837 312 3886 Plut.
331 3836 534 3901 Apopthegmata
551 3835 667 3901 Augusti.

206 3937 313 4001 parav
330 3939 385 3988 los.
410 3940 471 3988 Ant.
493 3937 553 3988 ..lud
577 3936 616 3999 18,
634 3936 657 4001 6,
676 3933 703 3987 5

210 4039 242 4104 1ο)
259 4040 324 4090 Gall.
346 4039 407 4104 vs,
425 4039 470 4091 ll

205 4142 239 4208 ¹¹)
256 4142 322 4193 sel
345 4143 401 4195 XVI
418 4142 504 4208 105
