2842 4920
687 403 728 464 20

174 620 239 660 sum
263 588 376 676 habeo,
399 591 510 681 quia'e
531 597 674 682 principis
698 596 836 660 ministro
856 594 1071 674 scribebantur,
1095 619 1187 680 quem
1208 600 1248 664 iu

173 721 210 784 iis
232 729 352 785 tantum
375 744 409 784 eo
432 722 582 807 scripsisse
604 723 668 786 veri
691 722 790 785 simile
809 728 872 799 est,
895 743 972 804 quoe
991 721 1119 806 principi
1141 721 1247 807 place-

173 853 241 910 rent
253 846 289 933 ¹).
326 845 359 909 Si
381 845 474 922 Dioni
508 845 670 925 credimus,
705 844 865 924 Tiberius,
901 850 1024 908 uteret
1053 851 1250 930 contemptor

174 992 244 1034 suae
274 970 434 1048 infamiae,
463 970 496 1033 in
526 970 600 1034 actis
631 971 694 1055 ipse
725 968 910 1054 publicavit,
942 991 1018 1052 quoe
1049 968 1108 1032 sibi
1131 968 1247 1054 objioess

173 1099 279 1159 rentur
290 1095 325 1178 Β).

218 1209 302 1282 Fasti
320 1212 411 1283 etiam
431 1217 658 1303 nonnumquam
677 1218 786 1283 dubiae
804 1219 874 1282 fidei
893 1221 1016 1282 fuerunt
1028 1219 1069 1297 ³),
1088 1224 1244 1303 praeterea

173 1366 268 1428 pauco
289 1344 321 1407 in
346 1344 393 1407 his
416 1342 649 1429 reperiebantur,
674 1366 750 1427 quae
772 1366 833 1406 non
855 1343 977 1406 aliunde
1001 1347 1183 1408 constarent.

219 1468 396 1553 Sequuntur
424 1469 568 1554 epistolae
598 1474 629 1532 et
658 1468 824 1544 orationes,
856 1488 932 1551 quas
962 1467 989 1530 si
1018 1467 1147 1552 legimus
1174 1489 1240 1530 non

172 1614 335 1678 possumus
357 1615 420 1657 non
441 1592 596 1657 Tiberium
615 1591 763 1656 admirari.
784 1590 898 1655 liberii
918 1591 1143 1655 orationestam
1153 1597 1240 1674 prae-

173 1717 269 1780 clarae
280 1723 375 1793 erant,
388 1723 423 1780 ut
434 1715 491 1781 sub
502 1715 628 1780 Claudio
640 1718 674 1781 in
685 1724 790 1780 senatu
798 1714 1034 1803 recitarenturfi)
1042 1714 1106 1778 Has
1116 1714 1243 1778 Tacitus

174 1848 205 1906 et
228 1837 391 1906 Suetonius
413 1843 610 1927 inspexerunt
623 1844 661 1920 ⁵),
685 1842 739 1926 qui
762 1842 852 1905 etiam
875 1840 988 1904 Tiberii
1000 1839 1140 1925 epistolas
1152 1838 1241 1903 adhi-

173 1966 305 2031 buerunt
317 1968 351 2051 6).
389 1966 448 2030 Sed
468 1989 521 2052 per
543 1989 574 2030 se
597 1967 781 2051 intelligitur
804 1988 853 2030 eas
876 1965 955 2029 nihil
977 1965 1161 2029 continuisse
1179 1964 1241 2028 nisi

173 2112 224 2170 ea,
255 2113 332 2174 quae
361 2092 499 2179 princeps
522 2091 642 2178 vulmari
667 2090 765 2156 voluit
794 2090 896 2169 etsi,
919 2089 1057 2154 Tacitum
1077 2092 1242 2153 'auctorem

173 2205 287 2294 secuti,
309 2214 466 2280 Tiberium
485 2217 687 2281 simulationis
709 2238 900 2294 accusemus,
923 2216 985 2278 fere
1008 2213 1089 2277 nibil
1109 2215 1242 2277 auetori-

172 2340 244 2404 tatis
266 2339 416 2406 habuisse.

217 2463 304 2529 Idem
337 2464 418 2529 valet
447 2464 484 2529 de
514 2464 755 2540 commentariis,
787 2464 804 2525 a
834 2461 954 2526 'liberio
997 2461 1130 2546 scriptis,
1164 2467 1242 2544 quos

174 2579 365 2652 Domitianus
381 2610 497 2674 semper
511 2583 668 2652 lectitabat
678 2588 713 2672 ⁷).
737 2586 906 2672 Agrippina
918 2593 1012 2650 mater
1023 2584 1155 2648 Neronis
1166 2605 1241 2667 quo·

173 2734 231 2794 que
247 2713 475 2776 commentarios
495 2714 678 2798 composuit,
697 2711 808 2796 quibus
820 2709 978 2775 historiam
988 2710 1100 2774 'liberii
1112 2708 1242 2772 maxime

172 2844 344 2922 corruptam
374 2861 437 2901 esse
466 2839 569 2902 multis
599 2844 629 2901 et
656 2837 688 2900 in
718 2837 823 2921 primis
856 2836 892 2900 A.
918 2833 1039 2898 Stahrio
1063 2852 1239 2917 persuasum

172 2969 236 3039 est,
263 2960 344 3044 quod
374 2962 541 3048 Agrippina
570 2961 721 3026 derebus
744 2961 853 3024 aulicis
876 2960 989 3044 egerit,
1013 2981 1087 3042 quas
1119 2958 1242 3022 difficile

172 3093 235 3148 erat
265 3086 387 3151 aliunde
415 3087 498 3152 scire.
535 3087 621 3167 Quae
643 3093 744 3149 tamen
767 3084 869 3169 opinio
890 3107 926 3147 ex
951 3083 1039 3145 meris
1061 3081 1242 3166 conjecturis

208 3395 228 3458 ¹)
253 3395 354 3460 Optime
380 3398 411 3446 de
436 3397 485 3447 hac
510 3397 659 3461 quaestione
676 3394 811 3458 disputavit
828 3394 860 3442 Α.
883 3392 999 3442 Ηΐὼιιει.
1021 3389 1182 3441 Jahrbircher
1198 3391 1242 3440 fur

172 3503 310 3554 klassische
326 3505 464 3571 Philologie
481 3505 621 3564 1857-60,
639 3521 667 3569 p.
688 3503 750 3555 557.

206 3605 229 3671 ²)
246 3608 295 3658 Dio
311 3610 376 3660 LVII
393 3609 439 3661 23.

205 3710 229 3774 ⁸)
245 3711 306 3761 Tac.
330 3713 393 3763 uisi.
409 3713 442 3764 IV
458 3712 499 3763 10.

207 3813 230 3877 ⁸)
247 3813 293 3863 Dio
311 3814 353 3864 LX
371 3813 412 3865 10.

205 3916 228 3975 ⁸)
244 3917 306 3966 Tac.
329 3918 394 3968 Anu.
412 3917 480 3981 181,
498 3920 521 3968 11
539 3917 580 3982 63,
597 3918 659 3968 Suet
678 3956 684 3967 .
701 3917 757 3967 Tib.
780 3914 822 3982 98,
838 3914 879 3973 67,
896 3914 1031 3964 orationes

206 4016 229 4075 ὃ)
272 4037 284 4067 ι
348 4040 360 4068 ιι
412 4021 479 4077 173.
497 4023 532 4072 VI
549 4021 572 4084 8,
590 4022 623 4072 vl
639 4021 679 4079 12
697 4021 770 4070 Suet.
791 4019 846 4069 Tib.
862 4017 902 4074 67,
920 4014 1051 4078 epistolae.
1092 4030 1095 4035 ·

207 4123 230 4185 Ἰ)
246 4122 317 4174 Suet.
336 4124 393 4175 lib.
413 4123 454 4187 61,
472 4125 547 4175 Dour.
564 4123 605 4173 20.
