2842 4920
680 398 743 462 103

221 611 405 690 Consilium,
428 611 508 696 quod
531 610 686 675 scribendo
709 610 767 675 sibi
788 611 960 697 proposuit,
984 611 1190 696 cognoscimus
1211 635 1247 676 ex

176 737 273 822 primo
296 740 462 821 fragmento
486 737 542 814 (ed.
566 735 672 822 Dind.)
696 736 806 800 Omnia
831 736 1052 815 memorabilia,
1076 735 1246 820 quaedomi

177 860 362 945 militiaeque
384 860 566 925 a=Romanis
588 863 666 925 facta
688 867 772 940 sunt,
797 869 971 924 narraturus
983 867 1028 925 est
1039 882 1136 944 neque
1148 860 1248 923 omnia

177 987 344 1071 scripturus
378 986 429 1050 scd
460 983 573 1071 judicio
596 985 747 1050 adhibito:
785 982 861 1060 ubba
883 984 1047 1066 s'Ze'apivaf’
1084 985 1116 1049 Si
1141 985 1168 1049 ei
1190 985 1247 1071 ipsi

177 1111 343 1190 credimus,
367 1111 485 1175 veritati
509 1109 610 1174 studet
634 1111 668 1194 ¹).

222 1236 341 1317 Quibus
376 1234 509 1300 fontibus
543 1235 602 1298 Dio
636 1257 708 1298 usus
738 1235 804 1298 est?
827 1235 908 1315 Quia
929 1235 993 1321 ipse
1015 1235 1053 1299 de
1074 1235 1123 1299 his
1148 1240 1247 1316 tacet,
1284 1216 1288 1225 ⁴

177 1360 338 1446 quaerendi
372 1359 458 1424 nobis
493 1367 565 1423 sunt
598 1382 634 1422 ex
661 1359 883 1444 comparatione
906 1359 1033 1422 aliorum
1056 1359 1244 1445 scriptorum.

177 1484 249 1548 Tres
268 1484 458 1569 quaestiones
469 1507 642 1570 proponam.
667 1482 854 1548 Auctoresne
866 1483 1014 1569 inspexit,
1038 1506 1113 1568 quos
1125 1482 1246 1548 Tacitus

176 1616 207 1673 et
217 1609 380 1673 Suetonius
392 1632 454 1672 non
465 1607 690 1673 adhibuerunt?
710 1606 899 1672 Adhibuitne
912 1608 1112 1672 Suetonium?
1125 1608 1246 1673 Ususne

177 1734 360 1798 estTacitoP
382 1733 474 1814 Quod
485 1734 522 1799 ad
533 1734 660 1819 primam
672 1734 877 1819 quaestionem
888 1733 1006 1811 attinet,
1026 1732 1104 1818 apud
1117 1733 1247 1797 Dionem

177 1858 277 1942 aliqua
298 1858 511 1936 inveniuntur,
536 1881 612 1942 quae
635 1881 690 1923 neo
711 1858 833 1922 Tacitus
846 1845 913 1921 ¹neo
932 1857 1093 1921 Suetonius
1110 1858 1244 1921 tradunt.

177 1983 253 2047 Inde
275 1989 377 2046 tamen
400 2004 460 2045 non
485 1981 686 2067 colligendum
711 1981 1246 2046 estDionemcsontibushausissea

178 2105 282 2171 ceteris
305 2105 468 2190 neglectis,
496 2105 566 2190 quia
581 2106 646 2169 fieri
657 2111 773 2192 potest,
797 2112 832 2168 ut
843 2105 875 2168 in
887 2105 924 2168 iis
936 2106 1074 2170 consulto
1087 2107 1245 2187 nonnulla,

177 2255 253 2316 quae
276 2231 335 2295 Dio
347 2238 465 2308 narret,
489 2232 648 2316 praeterita
659 2231 730 2310 sint,
754 2231 806 2294 sed
818 2229 876 2295 hoc
886 2231 993 2295 saltem
1005 2231 1138 2315 ostendit
1151 2232 1245 2295 Dioni

177 2358 315 2422 Tacitum
346 2363 378 2422 et
399 2356 593 2434 Suetonium,
622 2357 647 2421 si
668 2357 732 2442 jam
755 2379 804 2419 eos
828 2354 1017 2434 adhibuerit,
1053 2378 1116 2420 non
1140 2357 1245 2421 unicos

177 2486 274 2547 fontes
311 2483 411 2548 fuisse.
455 2482 618 2549 Videamus
650 2484 729 2568 jam,
771 2489 875 2547 utrum
910 2482 970 2546 Dio
1005 2505 1054 2546 eos
1086 2484 1275 2578 scriptores·

178 2607 349 2672 adhibuerit
372 2629 475 2672 necne.

223 2732 396 2796 Admodum
428 2731 492 2796 veri
515 2731 612 2795 simile
640 2739 685 2796 est
709 2732 889 2797 Suetonium
912 2756 929 2796 a
951 2731 1050 2795 Dione
1073 2730 1245 2795 adhibitum

177 2880 257 2935 esse,
292 2856 363 2941 quia
396 2878 513 2941 semper
547 2856 674 2941 scriptor
697 2878 821 2940 magnae
844 2854 1031 2918 auctoritatis
1055 2852 1176 2918 habitus
1200 2861 1246 2918 est

177 2990 208 3045 et
241 2981 355 3065 ubique
384 2981 463 3066 apud
486 2981 617 3044 Dionem
639 2981 720 3044 dicta
742 2988 772 3043 et
794 2978 931 3063 prodigia
954 2985 1133 3056 occurrunt,
1168 3000 1245 3061 quae

177 3106 257 3190 apud
285 3106 464 3170 Suetonium
486 3106 684 3169 inveniuntur
706 3111 736 3168 et
759 3125 836 3187 quae
858 3103 935 3166 alius
959 3102 1040 3167 haud
1062 3102 1148 3165 facile
1171 3103 1245 3167 scire

177 3229 286 3314 potuit.
310 3229 401 3310 Quod
423 3230 483 3294 Dio
496 3229 532 3292 de
544 3229 656 3310 literis,
681 3228 790 3313 quibus
803 3226 909 3294 Caesar
920 3227 1061 3294 utebatur
1071 3228 1104 3290 in
1115 3228 1242 3292 occultis

177 3354 267 3418 rebus
288 3354 487 3439 perferendis,
510 3353 603 3418 tradit
616 3355 640 3438 2)
665 3352 744 3439 apud
768 3353 889 3416 nullum
911 3354 1067 3417 invenitur
1089 3354 1148 3416 nisi
1165 3352 1245 3439 apud

178 3481 355 3545 Suetonium
368 3482 411 3566 3);
435 3479 516 3564 quod
538 3479 701 3544 Suetonius
723 3480 755 3543 in
767 3479 830 3543 rita
846 3479 977 3543 Othonis
990 3478 1017 3566 ⁴)
1037 3484 1149 3563 apatre
1162 3500 1243 3542 acce·

181 3690 367 3698 ————

212 3807 456 3872 ¹)Di0Lxl1120.

211 3911 296 3976 unio
313 3910 396 3961 XL9.

212 4014 235 4078 ³)
251 4013 321 4064 Suet.
339 4011 460 4064 Caes.65

212 4115 235 4184 ⁴)
252 4115 322 4166 Suet.
341 4115 400 4166 Oth.
418 4113 462 4168 10.
