2842 4920
693 366 733 429 80

228 578 310 643 Suet.
321 634 323 641 Α
334 577 399 643 Tib.
416 581 466 643 al.
496 577 685 662 ''Spirantem
704 575 802 641 adhuc
815 574 1023 661 Augustum”,
1041 574 1122 639 idem
1131 574 1249 660 legitur

180 703 261 789 apud
289 703 358 767 Tac.
383 703 464 767 Ann.
489 701 506 766 Ι
531 704 559 765 5.
592 700 662 765 Nisi
686 700 792 781 fallor,
816 723 877 766 non
902 706 974 763 sunt
996 697 1104 779 verba,
1139 697 1250 783 quibus

181 850 284 892 amnes
307 834 454 893 utuntur:
487 825 598 911 spirare
619 848 673 911 pro
698 824 797 890 vivere
820 825 939 890 dieitur.
973 824 1086 888 Tamen
1114 822 1249 889 animad-

181 951 356 1016 vertendum
382 957 428 1015 est
451 949 631 1014 Suetonium
649 972 705 1035 pro
718 957 799 1014 certo
810 971 921 1035 ponere
932 948 982 1028 id,
1006 948 1042 1013 de
1055 970 1116 1034 quo
1127 947 1251 1014 Tacitus

181 1074 318 1154 dubitat;
342 1098 379 1138 ex
402 1074 460 1139 hoo
482 1074 549 1139 loeo
571 1075 665 1161 igitur
689 1074 765 1140 nihil
787 1075 923 1141 efficitur.

225 1200 308 1266 Suet.
320 1199 387 1266 Tib.
404 1204 444 1264 22
471 1199 694 1264 altenurrtianti
706 1199 830 1265 tribuno
843 1202 955 1264 factum
967 1221 1047 1275 osse,
1060 1198 1142 1284 quod
1152 1197 1247 1283 impe-

180 1332 291 1404 rasset,
315 1347 411 1409 neque
434 1324 595 1410 imperasse
619 1346 651 1389 se
674 1331 704 1389 et
727 1323 916 1389 redditurum
938 1346 1009 1388 eum
1031 1322 1149 1388 senatui
1161 1321 1250 1387 ratio·

181 1471 251 1514 nem
272 1447 465 1535 respondit'';
500 1449 568 1514 Tae.
593 1450 672 1513 Arm.
700 1449 717 1513 I
742 1454 771 1514 6.
798 1448 983 1525 pNuntianti
1006 1447 1189 1526 centurioni,
1215 1453 1250 1511 ut

182 1596 246 1638 mos
270 1572 411 1652 militiae,
431 1575 545 1637 faotum
567 1594 630 1636 esse
653 1571 734 1656 quod
757 1572 947 1658 imperasset,
971 1594 1068 1657 neque
1091 1572 1251 1658 imperasse

182 1719 245 1760 sesa
279 1703 309 1762 et
330 1696 476 1760 rationem
499 1697 570 1762 faeti
592 1685 778 1760 reddendam
800 1696 880 1782 apud
904 1703 1042 1761 senatum
1065 1694 1251 1782 respondit.''

181 1819 250 1885 Hoe
271 1820 337 1885 loeo
360 1819 521 1884 Suetonius
543 1819 631 1905 plane
653 1842 723 1883 aum
744 1820 848 1885 Tacito
870 1819 1020 1905 congruit.

224 1946 306 2010 Suet.
330 1943 397 2009 Tib.
423 1947 473 2008 55.
501 1944 672 2029 ''Agrippae
696 1967 799 2010 servus
824 1944 945 2009 nomine
967 1943 1137 2009 Olernens.”
1163 1944 1251 2026 Quae

180 2069 270 2136 verba
307 2077 469 2135 aecurrunt
493 2069 585 2135 etiam
608 2069 677 2137 Tae.
703 2071 782 2136 Ann.
809 2069 845 2134 II
871 2073 934 2149 393
970 2069 1026 2134 etsi
1053 2069 1183 2134 stultum
1205 2076 1252 2134 est

181 2194 252 2259 hine
274 2194 386 2279 aliquid
410 2196 544 2276 efficere,
573 2202 675 2260 tamen
698 2195 780 2260 hune
799 2195 900 2259 looum
924 2194 1021 2258 afferri
1044 2193 1250 2260 animadverti.

226 2319 308 2383 Suet.
322 2316 388 2384 Tib.
402 2322 453 2384 42.
483 2318 587 2394 pVitia
599 2318 676 2385 male
688 2319 738 2383 diu
752 2318 971 2384 dissimulata”.
997 2317 1083 2383 Adde
1097 2317 1251 2394 '‘modera-

164 2443 272 2534 tionis
292 2442 505 2507 simulatione'
529 2450 560 2507 et
575 2466 601 2509 o.
617 2446 667 2509 72.
691 2442 973 2518 ''dissimulationi’ss
1000 2441 1083 2508 Haeo
1096 2442 1253 2527 desumpta

180 2568 321 2634 videntur
343 2566 390 2632 vel
414 2589 451 2631 ex
469 2567 573 2631 'farcito
597 2567 645 2633 vel
669 2590 706 2631 ex
729 2567 948 2648 eodemfante,
972 2588 1032 2651 quo
1044 2566 1166 2632 Tacitus
1179 2589 1252 2631 usus

181 2698 244 2769 est,
279 2690 332 2776 qui
365 2713 481 2777 semper
503 2689 580 2756 illud
603 2691 712 2756 vitium
734 2691 853 2756 'liberio
878 2691 1014 2778 objiciat,
1051 2689 1099 2768 (de
1121 2714 1181 2776 quo
1204 2690 1253 2776 egi

182 2816 220 2880 ad
253 2817 332 2880 Anu.
358 2814 406 2880 IV
443 2818 516 2902 71),·
549 2817 631 2901 quad
654 2841 671 2882 a
694 2817 799 2882 ceteris
823 2815 1017 2902 scriptoribus
1040 2840 1101 2881 non
1123 2839 1269 2898 eamme,

183 2947 327 3008 moratur.

226 3065 309 3130 Suet.
343 3064 409 3129 urb.
438 3068 487 3132 50.
517 3064 620 3139 pJulia
640 3065 894 3152 oppidoelausa'',
918 3089 995 3151 quae
1008 3065 1254 3151 verbaleguntur

186 3190 266 3276 apud
288 3190 427 3255 Tacitum
451 3191 531 3254 rtnn.
552 3190 632 3257 153.
658 3190 716 3254 Sed
728 3190 805 3254 nihil
817 3213 851 3255 eo
863 3189 1024 3276 probatur,
1048 3191 1142 3256 immo
1154 3190 1255 3277 potius

188 3337 225 3379 ex
247 3315 305 3379 hoc
328 3314 423 3400 eapite
450 3315 563 3378 efficere
585 3337 744 3400 possumus
768 3315 949 3380 Suetonium
969 3315 1074 3381 Tacito
1091 3338 1254 3381 nonusum

183 3463 266 3520 esse,
301 3439 373 3525 quia
396 3461 506 3503 nomen
531 3438 632 3525 oppidi
654 3438 692 3504 ab
722 3438 779 3503 hoo
798 3447 1065 3506 commemoratum
1085 3447 1147 3523 est,
1174 3439 1255 3526 quad

183 3565 238 3630 ille
260 3564 376 3630 reticet.

232 3689 314 3755 Suet.
345 3688 412 3754 Tib.
449 3692 500 3755 52.
539 3687 630 3764 „Non
665 3686 766 3753 ullum
784 3686 932 3774 insignem
956 3643 1103 3754 honorem
1125 3689 1255 3776 reoipere

182 3812 301 3899 publioe
319 3836 423 3900 passus
447 3812 523 3879 est''.
549 3812 619 3879 Tae.
643 3811 757 3880 Anni
782 3814 832 3880 14.
861 3812 931 3878 aNe
946 3812 1083 3878 lictorem
1094 3812 1216 3898 quidem
1228 3812 1255 3878 ei

183 3936 301 4002 deeerni
334 3959 438 4023 passus
472 3936 548 4003 est’'.
585 3935 628 4001 Hi
658 3936 780 4021 quidem
809 3936 868 4003 looi
890 3938 1056 4004 afferuntur
1074 3936 1125 4002 sed
1146 3959 1253 4023 parum

183 4061 297 4126 similes
325 4067 405 4127 sunt.
