<?xml version="1.0" encoding="UTF-8"?>
<!DOCTYPE html PUBLIC "-//W3C//DTD XHTML 1.0 Transitional//EN"
    "http://www.w3.org/TR/xhtml1/DTD/xhtml1-transitional.dtd">
<html xmlns="http://www.w3.org/1999/xhtml" xml:lang="en" lang="en">
 <head>
  <title>
</title>
<meta http-equiv="Content-Type" content="text/html;charset=utf-8" />
  <meta name='ocr-system' content='tesseract 3.04.00' />
  <meta name='ocr-capabilities' content='ocr_page ocr_carea ocr_par ocr_line ocrx_word'/>
</head>
<body>
  <div class='ocr_page' id='page_1' title='image "./defideetauctori00andrgoog_0057.png"; bbox 0 0 2842 4920; ppageno 0'>
   <div class='ocr_carea' id='block_1_1' title="bbox 716 378 758 439">
    <p class='ocr_par' dir='ltr' id='par_1_1' title="bbox 716 378 758 439">
     <span class='ocr_line' id='line_1_1' title="bbox 716 378 758 439; baseline 0 0"><span class='ocrx_word' id='word_1_1' title='bbox 716 378 758 439; x_wconf 74' lang='lat'>44</span> 
     </span>
    </p>
   </div>
   <div class='ocr_carea' id='block_1_2' title="bbox 200 587 1271 1299">
    <p class='ocr_par' dir='ltr' id='par_1_2' title="bbox 200 587 1271 1299">
     <span class='ocr_line' id='line_1_2' title="bbox 247 587 1270 675; baseline 0 -24"><span class='ocrx_word' id='word_1_2' title='bbox 247 588 294 651; x_wconf 86' lang='lat' dir='ltr'>Do</span> <span class='ocrx_word' id='word_1_3' title='bbox 326 587 446 672; x_wconf 82' lang='lat' dir='ltr'>Trajani</span> <span class='ocrx_word' id='word_1_4' title='bbox 475 595 571 652; x_wconf 84' lang='lat' dir='ltr'>aetate</span> <span class='ocrx_word' id='word_1_5' title='bbox 597 589 751 652; x_wconf 87' lang='lat' dir='ltr'>videamus</span> <span class='ocrx_word' id='word_1_6' title='bbox 764 588 805 675; x_wconf 81' lang='lat'>1),</span> <span class='ocrx_word' id='word_1_7' title='bbox 837 589 874 652; x_wconf 87' lang='lat' dir='ltr'>ad</span> <span class='ocrx_word' id='word_1_8' title='bbox 910 611 1000 672; x_wconf 91' lang='lat' dir='ltr'>quam</span> <span class='ocrx_word' id='word_1_9' title='bbox 1034 588 1270 671; x_wconf 76' lang='lat' dir='ltr'>cognoscendam</span> 
     </span>
     <span class='ocr_line' id='line_1_3' title="bbox 202 710 1269 798; baseline -0.001 -24"><span class='ocrx_word' id='word_1_10' title='bbox 202 712 331 796; x_wconf 89' lang='lat' dir='ltr'>plurima</span> <span class='ocrx_word' id='word_1_11' title='bbox 362 713 481 776; x_wconf 88' lang='lat' dir='ltr'>Plinius</span> <span class='ocrx_word' id='word_1_12' title='bbox 511 717 635 778; x_wconf 84' lang='lat' dir='ltr'>oonl&#39;ert.</span> <span class='ocrx_word' id='word_1_13' title='bbox 669 712 737 776; x_wconf 89' lang='lat' dir='ltr'>Hoo</span> <span class='ocrx_word' id='word_1_14' title='bbox 764 713 921 798; x_wconf 83' lang='lat' dir='ltr'>praecipue</span> <span class='ocrx_word' id='word_1_15' title='bbox 944 713 1108 776; x_wconf 83' lang='lat' dir='ltr'>tenendum</span> <span class='ocrx_word' id='word_1_16' title='bbox 1131 719 1176 775; x_wconf 86' lang='lat' dir='ltr'>est</span> <span class='ocrx_word' id='word_1_17' title='bbox 1199 710 1269 774; x_wconf 79' lang='lat' dir='ltr'>Tra-</span> 
     </span>
     <span class='ocr_line' id='line_1_4' title="bbox 200 835 1269 922; baseline 0 -22"><span class='ocrx_word' id='word_1_18' title='bbox 200 837 307 922; x_wconf 90' lang='lat' dir='ltr'>janum</span> <span class='ocrx_word' id='word_1_19' title='bbox 325 837 358 901; x_wconf 87' lang='lat' dir='ltr'>in</span> <span class='ocrx_word' id='word_1_20' title='bbox 370 836 510 901; x_wconf 88' lang='lat' dir='ltr'>omnibus</span> <span class='ocrx_word' id='word_1_21' title='bbox 528 836 616 901; x_wconf 85' lang='lat' dir='ltr'>rebus</span> <span class='ocrx_word' id='word_1_22' title='bbox 627 836 716 922; x_wconf 86' lang='lat' dir='ltr'>plane</span> <span class='ocrx_word' id='word_1_23' title='bbox 728 836 903 900; x_wconf 83' lang='lat' dir='ltr'>dissimilem</span> <span class='ocrx_word' id='word_1_24' title='bbox 915 837 1007 900; x_wconf 78' lang='lat' dir='ltr'>fuisse</span> <span class='ocrx_word' id='word_1_25' title='bbox 1018 835 1145 901; x_wconf 75' lang='lat' dir='ltr'>&#39;liberio</span> <span class='ocrx_word' id='word_1_26' title='bbox 1166 836 1269 900; x_wconf 88' lang='lat' dir='ltr'>Nerva</span> 
     </span>
     <span class='ocr_line' id='line_1_5' title="bbox 202 959 1268 1048; baseline -0.002 -22"><span class='ocrx_word' id='word_1_27' title='bbox 202 971 232 1026; x_wconf 88' lang='lat' dir='ltr'>et</span> <span class='ocrx_word' id='word_1_28' title='bbox 254 962 399 1048; x_wconf 79' lang='lat' dir='ltr'>Trajanus</span> <span class='ocrx_word' id='word_1_29' title='bbox 422 960 604 1025; x_wconf 72' lang='lat' dir='ltr'>simulabant</span> <span class='ocrx_word' id='word_1_30' title='bbox 626 984 657 1025; x_wconf 85' lang='lat' dir='ltr'>se</span> <span class='ocrx_word' id='word_1_31' title='bbox 680 968 811 1025; x_wconf 86' lang='lat' dir='ltr'>voterem</span> <span class='ocrx_word' id='word_1_32' title='bbox 836 961 918 1025; x_wconf 90' lang='lat' dir='ltr'>illam</span> <span class='ocrx_word' id='word_1_33' title='bbox 943 959 1169 1046; x_wconf 85' lang='lat' dir='ltr'>rempublicam</span> <span class='ocrx_word' id='word_1_34' title='bbox 1183 962 1268 1025; x_wconf 89' lang='lat' dir='ltr'>resti-</span> 
     </span>
     <span class='ocr_line' id='line_1_6' title="bbox 201 1085 1268 1171; baseline 0 -20"><span class='ocrx_word' id='word_1_35' title='bbox 201 1095 329 1152; x_wconf 76' lang='lat' dir='ltr'>tuturos.</span> <span class='ocrx_word' id='word_1_36' title='bbox 367 1087 427 1151; x_wconf 83' lang='lat' dir='ltr'>Res</span> <span class='ocrx_word' id='word_1_37' title='bbox 451 1086 523 1150; x_wconf 89' lang='lat' dir='ltr'>olim</span> <span class='ocrx_word' id='word_1_38' title='bbox 547 1085 748 1151; x_wconf 80' lang='lat' dir='ltr'>dissociabiles</span> <span class='ocrx_word' id='word_1_39' title='bbox 772 1085 993 1162; x_wconf 81' lang='lat' dir='ltr'>miscebantur,</span> <span class='ocrx_word' id='word_1_40' title='bbox 1017 1086 1202 1171; x_wconf 83' lang='lat' dir='ltr'>principatus</span> <span class='ocrx_word' id='word_1_41' title='bbox 1234 1109 1268 1151; x_wconf 91' lang='lat' dir='ltr'>ao</span> 
     </span>
     <span class='ocr_line' id='line_1_7' title="bbox 203 1211 1271 1299; baseline 0 -24"><span class='ocrx_word' id='word_1_42' title='bbox 203 1212 325 1277; x_wconf 83' lang='lat' dir='ltr'>libertus</span> <span class='ocrx_word' id='word_1_43' title='bbox 339 1212 375 1299; x_wconf 68' lang='grc'>2).</span> <span class='ocrx_word' id='word_1_44' title='bbox 410 1211 556 1297; x_wconf 83' lang='lat' dir='ltr'>Trajanus</span> <span class='ocrx_word' id='word_1_45' title='bbox 589 1235 658 1278; x_wconf 89' lang='lat' dir='ltr'>oum</span> <span class='ocrx_word' id='word_1_46' title='bbox 687 1211 784 1275; x_wconf 86' lang='lat' dir='ltr'>Bruto</span> <span class='ocrx_word' id='word_1_47' title='bbox 803 1211 862 1274; x_wconf 85' lang='lat' dir='ltr'>-illo</span> <span class='ocrx_word' id='word_1_48' title='bbox 886 1218 1084 1296; x_wconf 82' lang='lat' dir='ltr'>comparatur,</span> <span class='ocrx_word' id='word_1_49' title='bbox 1110 1211 1162 1299; x_wconf 90' lang='lat' dir='ltr'>qui</span> <span class='ocrx_word' id='word_1_50' title='bbox 1187 1233 1271 1296; x_wconf 84' lang='lat' dir='ltr'>reges</span> 
     </span>
    </p>
   </div>
   <div class='ocr_carea' id='block_1_3' title="bbox 203 1335 1270 1424">
    <p class='ocr_par' dir='ltr' id='par_1_3' title="bbox 203 1335 1270 1424">
     <span class='ocr_line' id='line_1_8' title="bbox 203 1335 1270 1424; baseline -0.003 -22"><span class='ocrx_word' id='word_1_51' title='bbox 203 1337 324 1402; x_wconf 81' lang='lat' dir='ltr'>civitate</span> <span class='ocrx_word' id='word_1_52' title='bbox 344 1336 444 1422; x_wconf 86' lang='lat' dir='ltr'>ejeoit,</span> <span class='ocrx_word' id='word_1_53' title='bbox 470 1339 540 1422; x_wconf 89' lang='lat' dir='ltr'>quia</span> <span class='ocrx_word' id='word_1_54' title='bbox 565 1359 712 1420; x_wconf 54' lang='lat' dir='ltr'>&#39;fruguum</span> <span class='ocrx_word' id='word_1_55' title='bbox 734 1336 849 1421; x_wconf 91' lang='lat' dir='ltr'>ipsum,</span> <span class='ocrx_word' id='word_1_56' title='bbox 874 1359 1012 1424; x_wconf 86' lang='lat' dir='ltr'>quaeque</span> <span class='ocrx_word' id='word_1_57' title='bbox 1034 1335 1093 1401; x_wconf 89' lang='lat' dir='ltr'>alia</span> <span class='ocrx_word' id='word_1_58' title='bbox 1114 1336 1270 1422; x_wconf 80' lang='lat' dir='ltr'>captivitas</span> 
     </span>
    </p>
   </div>
   <div class='ocr_carea' id='block_1_4' title="bbox 203 1460 1373 1555">
    <p class='ocr_par' dir='ltr' id='par_1_4' title="bbox 203 1460 1373 1555">
     <span class='ocr_line' id='line_1_9' title="bbox 203 1460 1373 1555; baseline -0.004 -29"><span class='ocrx_word' id='word_1_59' title='bbox 203 1461 315 1545; x_wconf 83' lang='lat' dir='ltr'>gignit,</span> <span class='ocrx_word' id='word_1_60' title='bbox 339 1467 418 1526; x_wconf 85' lang='lat' dir='ltr'>aroet</span> <span class='ocrx_word' id='word_1_61' title='bbox 434 1469 648 1526; x_wconf 84' lang='lat' dir='ltr'>aasummovat</span> <span class='ocrx_word' id='word_1_62' title='bbox 670 1461 830 1548; x_wconf 84' lang='lat' dir='ltr'>sedemque</span> <span class='ocrx_word' id='word_1_63' title='bbox 850 1460 968 1526; x_wconf 83' lang='lat' dir='ltr'>obtinet</span> <span class='ocrx_word' id='word_1_64' title='bbox 989 1460 1149 1546; x_wconf 80' lang='lat' dir='ltr'>principis,</span> <span class='ocrx_word' id='word_1_65' title='bbox 1170 1482 1211 1525; x_wconf 83' lang='lat' dir='ltr'>ne</span> <span class='ocrx_word' id='word_1_66' title='bbox 1232 1460 1271 1524; x_wconf 87' lang='lat' dir='ltr'>sit</span> <span class='ocrx_word' id='word_1_67' title='bbox 1370 1550 1373 1555; x_wconf 25' lang='grc' dir='ltr'>Ι</span> 
     </span>
    </p>
   </div>
   <div class='ocr_carea' id='block_1_5' title="bbox 202 1584 1271 1796">
    <p class='ocr_par' dir='ltr' id='par_1_5' title="bbox 202 1584 1271 1796">
     <span class='ocr_line' id='line_1_10' title="bbox 203 1584 1269 1673; baseline -0.001 -24"><span class='ocrx_word' id='word_1_68' title='bbox 203 1585 324 1649; x_wconf 90' lang='lat' dir='ltr'>domino</span> <span class='ocrx_word' id='word_1_69' title='bbox 336 1586 419 1649; x_wconf 87' lang='lat' dir='ltr'>locus</span> <span class='ocrx_word' id='word_1_70' title='bbox 432 1587 488 1671; x_wconf 80' lang='lat'>³).”</span> <span class='ocrx_word' id='word_1_71' title='bbox 514 1586 628 1650; x_wconf 88' lang='lat' dir='ltr'>Brutus</span> <span class='ocrx_word' id='word_1_72' title='bbox 652 1593 683 1650; x_wconf 85' lang='lat' dir='ltr'>ot</span> <span class='ocrx_word' id='word_1_73' title='bbox 694 1584 828 1663; x_wconf 80' lang='lat' dir='ltr'>Cassius,</span> <span class='ocrx_word' id='word_1_74' title='bbox 840 1585 895 1673; x_wconf 88' lang='lat' dir='ltr'>qui</span> <span class='ocrx_word' id='word_1_75' title='bbox 906 1584 1018 1650; x_wconf 79' lang='lat' dir='ltr'>&#39;liberii</span> <span class='ocrx_word' id='word_1_76' title='bbox 1030 1593 1127 1651; x_wconf 85' lang='lat' dir='ltr'>aetate</span> <span class='ocrx_word' id='word_1_77' title='bbox 1138 1585 1269 1650; x_wconf 88' lang='lat' dir='ltr'>latrones</span> 
     </span>
     <span class='ocr_line' id='line_1_11' title="bbox 202 1708 1271 1796; baseline -0.003 -21"><span class='ocrx_word' id='word_1_78' title='bbox 202 1710 387 1776; x_wconf 84' lang='lat' dir='ltr'>roos-bantur</span> <span class='ocrx_word' id='word_1_79' title='bbox 395 1713 431 1796; x_wconf 81' lang='lat'>4),</span> <span class='ocrx_word' id='word_1_80' title='bbox 443 1709 583 1775; x_wconf 88' lang='lat' dir='ltr'>laudibus</span> <span class='ocrx_word' id='word_1_81' title='bbox 592 1710 780 1773; x_wconf 80' lang='lat' dir='ltr'>extolluntur</span> <span class='ocrx_word' id='word_1_82' title='bbox 792 1712 825 1794; x_wconf 85' lang='grc'>5).</span> <span class='ocrx_word' id='word_1_83' title='bbox 839 1709 983 1795; x_wconf 66' lang='lat' dir='ltr'>Trarjanus</span> <span class='ocrx_word' id='word_1_84' title='bbox 991 1709 1024 1773; x_wconf 92' lang='lat' dir='ltr'>in</span> <span class='ocrx_word' id='word_1_85' title='bbox 1034 1708 1271 1774; x_wconf 84' lang='lat' dir='ltr'>omnibusrobus</span> 
     </span>
    </p>
   </div>
   <div class='ocr_carea' id='block_1_6' title="bbox 203 1833 1266 1920">
    <p class='ocr_par' dir='ltr' id='par_1_6' title="bbox 203 1820 1266 1920">
     <span class='ocr_line' id='line_1_12' title="bbox 203 1833 1266 1920; baseline -0.002 -22"><span class='ocrx_word' id='word_1_86' title='bbox 203 1836 332 1901; x_wconf 87' lang='lat' dir='ltr'>similem</span> <span class='ocrx_word' id='word_1_87' title='bbox 351 1858 383 1899; x_wconf 83' lang='lat' dir='ltr'>so</span> <span class='ocrx_word' id='word_1_88' title='bbox 400 1835 540 1920; x_wconf 84' lang='lat' dir='ltr'>praebere</span> <span class='ocrx_word' id='word_1_89' title='bbox 552 1835 655 1898; x_wconf 84' lang='lat' dir='ltr'>studet</span> <span class='ocrx_word' id='word_1_90' title='bbox 666 1834 736 1899; x_wconf 90' lang='lat' dir='ltr'>duoi</span> <span class='ocrx_word' id='word_1_91' title='bbox 759 1834 952 1920; x_wconf 85' lang='lat' dir='ltr'>reipublicae</span> <span class='ocrx_word' id='word_1_92' title='bbox 974 1834 1103 1913; x_wconf 81' lang='lat' dir='ltr'>liberae,</span> <span class='ocrx_word' id='word_1_93' title='bbox 1123 1833 1266 1917; x_wconf 89' lang='lat' dir='ltr'>quemad-</span> 
     </span>
    </p>
   </div>
   <div class='ocr_carea' id='block_1_7' title="bbox 203 1958 1321 2792">
    <p class='ocr_par' dir='ltr' id='par_1_7' title="bbox 203 1958 1321 2792">
     <span class='ocr_line' id='line_1_13' title="bbox 204 1958 1321 2037; baseline -0.001 -14"><span class='ocrx_word' id='word_1_94' title='bbox 204 1959 327 2023; x_wconf 91' lang='lat' dir='ltr'>modum</span> <span class='ocrx_word' id='word_1_95' title='bbox 348 1967 452 2023; x_wconf 87' lang='lat' dir='ltr'>nostru</span> <span class='ocrx_word' id='word_1_96' title='bbox 475 1966 571 2023; x_wconf 82' lang='lat' dir='ltr'>aetate</span> <span class='ocrx_word' id='word_1_97' title='bbox 592 1960 626 2022; x_wconf 88' lang='lat' dir='ltr'>in</span> <span class='ocrx_word' id='word_1_98' title='bbox 642 1958 796 2037; x_wconf 85' lang='lat' dir='ltr'>Helvetia,</span> <span class='ocrx_word' id='word_1_99' title='bbox 827 1959 861 2022; x_wconf 91' lang='lat' dir='ltr'>in</span> <span class='ocrx_word' id='word_1_100' title='bbox 887 1958 988 2024; x_wconf 88' lang='lat' dir='ltr'>Gallia</span> <span class='ocrx_word' id='word_1_101' title='bbox 1022 1967 1052 2024; x_wconf 86' lang='lat' dir='ltr'>et</span> <span class='ocrx_word' id='word_1_102' title='bbox 1074 1961 1107 2023; x_wconf 91' lang='lat' dir='ltr'>in</span> <span class='ocrx_word' id='word_1_103' title='bbox 1129 1959 1272 2023; x_wconf 82' lang='lat' dir='ltr'>Amerioa</span> <span class='ocrx_word' id='word_1_104' title='bbox 1318 1997 1321 2002; x_wconf 93' lang='lat'>·</span> 
     </span>
     <span class='ocr_line' id='line_1_14' title="bbox 203 2082 1272 2168; baseline 0 -20"><span class='ocrx_word' id='word_1_105' title='bbox 203 2084 267 2148; x_wconf 88' lang='lat' dir='ltr'>fieri</span> <span class='ocrx_word' id='word_1_106' title='bbox 285 2083 431 2149; x_wconf 85' lang='lat' dir='ltr'>videmus.</span> <span class='ocrx_word' id='word_1_107' title='bbox 456 2083 494 2148; x_wconf 94' lang='lat' dir='ltr'>In</span> <span class='ocrx_word' id='word_1_108' title='bbox 515 2083 654 2148; x_wconf 88' lang='lat' dir='ltr'>omnibus</span> <span class='ocrx_word' id='word_1_109' title='bbox 678 2082 767 2148; x_wconf 84' lang='lat' dir='ltr'>rebus</span> <span class='ocrx_word' id='word_1_110' title='bbox 780 2083 900 2148; x_wconf 85' lang='lat' dir='ltr'>oivilem</span> <span class='ocrx_word' id='word_1_111' title='bbox 908 2107 940 2147; x_wconf 89' lang='lat' dir='ltr'>se</span> <span class='ocrx_word' id='word_1_112' title='bbox 950 2084 1045 2168; x_wconf 82' lang='lat' dir='ltr'>gerit,</span> <span class='ocrx_word' id='word_1_113' title='bbox 1059 2107 1136 2168; x_wconf 80' lang='lat' dir='ltr'>quae</span> <span class='ocrx_word' id='word_1_114' title='bbox 1147 2091 1194 2149; x_wconf 85' lang='lat' dir='ltr'>est</span> <span class='ocrx_word' id='word_1_115' title='bbox 1205 2083 1272 2148; x_wconf 87' lang='lat' dir='ltr'>laus</span> 
     </span>
     <span class='ocr_line' id='line_1_15' title="bbox 203 2208 1273 2296; baseline -0.001 -23"><span class='ocrx_word' id='word_1_116' title='bbox 203 2209 361 2295; x_wconf 86' lang='lat' dir='ltr'>praecipua</span> <span class='ocrx_word' id='word_1_117' title='bbox 372 2209 513 2294; x_wconf 83' lang='lat' dir='ltr'>principis</span> <span class='ocrx_word' id='word_1_118' title='bbox 524 2235 530 2281; x_wconf 89' lang='lat'>;</span> <span class='ocrx_word' id='word_1_119' title='bbox 549 2209 634 2273; x_wconf 86' lang='lat' dir='ltr'>aedes</span> <span class='ocrx_word' id='word_1_120' title='bbox 647 2209 711 2294; x_wconf 87' lang='lat' dir='ltr'>ejus</span> <span class='ocrx_word' id='word_1_121' title='bbox 723 2208 885 2291; x_wconf 83' lang='lat' dir='ltr'>unicuique</span> <span class='ocrx_word' id='word_1_122' title='bbox 896 2215 1000 2293; x_wconf 84' lang='lat' dir='ltr'>patent</span> <span class='ocrx_word' id='word_1_123' title='bbox 1008 2208 1045 2296; x_wconf 66' lang='grc' dir='ltr'>θ),</span> <span class='ocrx_word' id='word_1_124' title='bbox 1055 2208 1194 2273; x_wconf 90' lang='lat' dir='ltr'>omnibus</span> <span class='ocrx_word' id='word_1_125' title='bbox 1202 2231 1273 2272; x_wconf 86' lang='lat' dir='ltr'>eum</span> 
     </span>
     <span class='ocr_line' id='line_1_16' title="bbox 205 2332 1272 2422; baseline -0.002 -24"><span class='ocrx_word' id='word_1_126' title='bbox 205 2334 286 2398; x_wconf 89' lang='lat' dir='ltr'>adire</span> <span class='ocrx_word' id='word_1_127' title='bbox 307 2334 377 2398; x_wconf 86' lang='lat' dir='ltr'>lioat</span> <span class='ocrx_word' id='word_1_128' title='bbox 390 2333 416 2422; x_wconf 83' lang='lat'>⁷)</span> <span class='ocrx_word' id='word_1_129' title='bbox 428 2360 437 2413; x_wconf 82' lang='lat'>3</span> <span class='ocrx_word' id='word_1_130' title='bbox 466 2334 497 2397; x_wconf 93' lang='lat' dir='ltr'>in</span> <span class='ocrx_word' id='word_1_131' title='bbox 521 2335 599 2398; x_wconf 89' lang='lat' dir='ltr'>oiroo</span> <span class='ocrx_word' id='word_1_132' title='bbox 627 2334 707 2399; x_wconf 85' lang='lat' dir='ltr'>inter</span> <span class='ocrx_word' id='word_1_133' title='bbox 729 2333 894 2419; x_wconf 90' lang='lat' dir='ltr'>populum,</span> <span class='ocrx_word' id='word_1_134' title='bbox 917 2353 978 2395; x_wconf 92' lang='lat' dir='ltr'>non</span> <span class='ocrx_word' id='word_1_135' title='bbox 1000 2332 1033 2395; x_wconf 90' lang='lat' dir='ltr'>in</span> <span class='ocrx_word' id='word_1_136' title='bbox 1055 2332 1144 2417; x_wconf 89' lang='lat' dir='ltr'>podio</span> <span class='ocrx_word' id='word_1_137' title='bbox 1177 2333 1272 2417; x_wconf 86' lang='lat' dir='ltr'>impe·</span> 
     </span>
     <span class='ocr_line' id='line_1_17' title="bbox 205 2455 1271 2546; baseline -0.003 -23"><span class='ocrx_word' id='word_1_138' title='bbox 205 2458 315 2523; x_wconf 86' lang='lat' dir='ltr'>ratario</span> <span class='ocrx_word' id='word_1_139' title='bbox 344 2458 480 2523; x_wconf 83' lang='lat' dir='ltr'>consedit</span> <span class='ocrx_word' id='word_1_140' title='bbox 502 2457 545 2546; x_wconf 84' lang='lat'>⁸),</span> <span class='ocrx_word' id='word_1_141' title='bbox 588 2480 684 2521; x_wconf 92' lang='lat' dir='ltr'>unum</span> <span class='ocrx_word' id='word_1_142' title='bbox 718 2480 754 2521; x_wconf 86' lang='lat' dir='ltr'>ex</span> <span class='ocrx_word' id='word_1_143' title='bbox 785 2456 938 2521; x_wconf 89' lang='lat' dir='ltr'>nobilibus</span> <span class='ocrx_word' id='word_1_144' title='bbox 973 2478 1004 2520; x_wconf 84' lang='lat' dir='ltr'>se</span> <span class='ocrx_word' id='word_1_145' title='bbox 1037 2479 1101 2520; x_wconf 85' lang='lat' dir='ltr'>esse</span> <span class='ocrx_word' id='word_1_146' title='bbox 1134 2455 1271 2544; x_wconf 70' lang='lat' dir='ltr'>putatl).</span> 
     </span>
     <span class='ocr_line' id='line_1_18' title="bbox 206 2581 1271 2666; baseline -0.002 -20"><span class='ocrx_word' id='word_1_147' title='bbox 206 2583 248 2646; x_wconf 82' lang='lat' dir='ltr'>At</span> <span class='ocrx_word' id='word_1_148' title='bbox 271 2581 449 2666; x_wconf 84' lang='lat' dir='ltr'>auimquae</span> <span class='ocrx_word' id='word_1_149' title='bbox 471 2589 517 2646; x_wconf 81' lang='lat' dir='ltr'>ast</span> <span class='ocrx_word' id='word_1_150' title='bbox 540 2581 612 2646; x_wconf 84' lang='lat' dir='ltr'>fidas</span> <span class='ocrx_word' id='word_1_151' title='bbox 633 2581 894 2657; x_wconf 85' lang='lat' dir='ltr'>testimoniorum,</span> <span class='ocrx_word' id='word_1_152' title='bbox 917 2604 993 2666; x_wconf 87' lang='lat' dir='ltr'>quae</span> <span class='ocrx_word' id='word_1_153' title='bbox 1016 2581 1135 2646; x_wconf 91' lang='lat' dir='ltr'>Plinius</span> <span class='ocrx_word' id='word_1_154' title='bbox 1158 2581 1271 2647; x_wconf 77' lang='lat' dir='ltr'>tradit?</span> 
     </span>
     <span class='ocr_line' id='line_1_19' title="bbox 207 2706 1273 2792; baseline 0 -21"><span class='ocrx_word' id='word_1_155' title='bbox 207 2707 292 2771; x_wconf 84' lang='lat' dir='ltr'>Idam</span> <span class='ocrx_word' id='word_1_156' title='bbox 305 2706 362 2770; x_wconf 89' lang='lat' dir='ltr'>hao</span> <span class='ocrx_word' id='word_1_157' title='bbox 378 2707 409 2770; x_wconf 94' lang='lat' dir='ltr'>in</span> <span class='ocrx_word' id='word_1_158' title='bbox 421 2729 453 2770; x_wconf 85' lang='lat' dir='ltr'>re</span> <span class='ocrx_word' id='word_1_159' title='bbox 465 2707 556 2787; x_wconf 82' lang='lat' dir='ltr'>valet,</span> <span class='ocrx_word' id='word_1_160' title='bbox 568 2706 648 2791; x_wconf 93' lang='lat' dir='ltr'>quod</span> <span class='ocrx_word' id='word_1_161' title='bbox 656 2706 693 2770; x_wconf 86' lang='lat' dir='ltr'>de</span> <span class='ocrx_word' id='word_1_162' title='bbox 704 2706 823 2792; x_wconf 86' lang='lat' dir='ltr'>Vellejo</span> <span class='ocrx_word' id='word_1_163' title='bbox 835 2706 904 2770; x_wconf 85' lang='lat' dir='ltr'>dixi.</span> <span class='ocrx_word' id='word_1_164' title='bbox 924 2706 1099 2771; x_wconf 79' lang='lat' dir='ltr'>Ostendant</span> <span class='ocrx_word' id='word_1_165' title='bbox 1110 2707 1182 2772; x_wconf 83' lang='lat' dir='ltr'>haee</span> <span class='ocrx_word' id='word_1_166' title='bbox 1194 2714 1273 2773; x_wconf 83' lang='lat' dir='ltr'>cerlo</span> 
     </span>
    </p>
   </div>
   <div class='ocr_carea' id='block_1_8' title="bbox 203 2832 1272 2918">
    <p class='ocr_par' dir='ltr' id='par_1_8' title="bbox 203 2832 1272 2918">
     <span class='ocr_line' id='line_1_20' title="bbox 203 2832 1272 2918; baseline 0 -23"><span class='ocrx_word' id='word_1_167' title='bbox 203 2832 330 2918; x_wconf 80' lang='lat' dir='ltr'>Trojano</span> <span class='ocrx_word' id='word_1_168' title='bbox 345 2840 465 2918; x_wconf 85' lang='lat' dir='ltr'>gratum</span> <span class='ocrx_word' id='word_1_169' title='bbox 477 2833 578 2913; x_wconf 84' lang='lat' dir='ltr'>fuisse,</span> <span class='ocrx_word' id='word_1_170' title='bbox 598 2833 679 2918; x_wconf 93' lang='lat' dir='ltr'>quod</span> <span class='ocrx_word' id='word_1_171' title='bbox 698 2832 835 2897; x_wconf 87' lang='lat' dir='ltr'>homines</span> <span class='ocrx_word' id='word_1_172' title='bbox 854 2832 897 2897; x_wconf 88' lang='lat' dir='ltr'>ita</span> <span class='ocrx_word' id='word_1_173' title='bbox 916 2833 953 2896; x_wconf 89' lang='lat' dir='ltr'>de</span> <span class='ocrx_word' id='word_1_174' title='bbox 973 2855 1003 2896; x_wconf 85' lang='lat' dir='ltr'>se</span> <span class='ocrx_word' id='word_1_175' title='bbox 1023 2832 1219 2917; x_wconf 88' lang='lat' dir='ltr'>loquerentur</span> <span class='ocrx_word' id='word_1_176' title='bbox 1241 2839 1272 2896; x_wconf 89' lang='lat' dir='ltr'>et</span> 
     </span>
    </p>
   </div>
   <div class='ocr_carea' id='block_1_9' title="bbox 206 3063 1274 4153">
    <p class='ocr_par' dir='ltr' id='par_1_9' title="bbox 206 3063 1274 3231">
     <span class='ocr_line' id='line_1_21' title="bbox 245 3063 1274 3129; baseline 0 -17"><span class='ocrx_word' id='word_1_177' title='bbox 245 3063 264 3126; x_wconf 86' lang='lat'>¹)</span> <span class='ocrx_word' id='word_1_178' title='bbox 282 3063 383 3126; x_wconf 84' lang='lat' dir='ltr'>Optime</span> <span class='ocrx_word' id='word_1_179' title='bbox 401 3065 432 3113; x_wconf 88' lang='lat' dir='ltr'>de</span> <span class='ocrx_word' id='word_1_180' title='bbox 450 3063 560 3126; x_wconf 80' lang='lat' dir='ltr'>Trojano</span> <span class='ocrx_word' id='word_1_181' title='bbox 578 3065 711 3128; x_wconf 85' lang='lat' dir='ltr'>disputavit</span> <span class='ocrx_word' id='word_1_182' title='bbox 722 3063 1016 3114; x_wconf 78' lang='lat' dir='ltr'>Jobamrosllierauoriu</span> <span class='ocrx_word' id='word_1_183' title='bbox 1030 3063 1274 3129; x_wconf 80' lang='lat' dir='ltr'>»Uutersuolumgeu</span> 
     </span>
     <span class='ocr_line' id='line_1_22' title="bbox 206 3165 1274 3231; baseline 0.004 -18"><span class='ocrx_word' id='word_1_184' title='bbox 206 3181 251 3213; x_wconf 89' lang='lat' dir='ltr'>zur</span> <span class='ocrx_word' id='word_1_185' title='bbox 261 3165 412 3215; x_wconf 76' lang='lat' dir='ltr'>Romisobon</span> <span class='ocrx_word' id='word_1_186' title='bbox 422 3166 680 3231; x_wconf 80' lang='lat' dir='ltr'>Kaisergesohiebto&#39;&#39;‚</span> <span class='ocrx_word' id='word_1_187' title='bbox 693 3166 901 3231; x_wconf 77' lang='lat' dir='ltr'>berausgogabou</span> <span class='ocrx_word' id='word_1_188' title='bbox 913 3166 995 3215; x_wconf 76' lang='lat' dir='ltr'>durch</span> <span class='ocrx_word' id='word_1_189' title='bbox 1006 3167 1040 3214; x_wconf 92' lang='lat' dir='ltr'>M.</span> <span class='ocrx_word' id='word_1_190' title='bbox 1052 3166 1188 3231; x_wconf 75' lang='lat' dir='ltr'>Blidingor.</span> <span class='ocrx_word' id='word_1_191' title='bbox 1199 3165 1274 3218; x_wconf 85' lang='grc'>1868.</span> 
     </span>
    </p>

    <p class='ocr_par' dir='ltr' id='par_1_10' title="bbox 241 3252 732 3334">
     <span class='ocr_line' id='line_1_23' title="bbox 241 3252 732 3334; baseline 0 -16"><span class='ocrx_word' id='word_1_192' title='bbox 241 3268 263 3330; x_wconf 61' lang='lat'>2)</span> <span class='ocrx_word' id='word_1_193' title='bbox 280 3269 338 3318; x_wconf 84' lang='lat' dir='ltr'>Tae.</span> <span class='ocrx_word' id='word_1_194' title='bbox 356 3269 416 3333; x_wconf 82' lang='lat' dir='ltr'>Agr.</span> <span class='ocrx_word' id='word_1_195' title='bbox 434 3269 462 3318; x_wconf 89' lang='lat'>3.</span> <span class='ocrx_word' id='word_1_196' title='bbox 476 3252 549 3319; x_wconf 77' lang='lat' dir='ltr'>l’lin.</span> <span class='ocrx_word' id='word_1_197' title='bbox 567 3270 664 3334; x_wconf 73' lang='lat' dir='ltr'>Panep.</span> <span class='ocrx_word' id='word_1_198' title='bbox 688 3268 732 3318; x_wconf 64' lang='lat' dir='ltr'>bd.</span> 
     </span>
    </p>

    <p class='ocr_par' dir='ltr' id='par_1_11' title="bbox 241 3369 533 3435">
     <span class='ocr_line' id='line_1_24' title="bbox 241 3369 533 3435; baseline -0.007 -13"><span class='ocrx_word' id='word_1_199' title='bbox 241 3370 264 3428; x_wconf 77' lang='grc'>3)</span> <span class='ocrx_word' id='word_1_200' title='bbox 281 3370 346 3422; x_wconf 88' lang='lat' dir='ltr'>Plin.</span> <span class='ocrx_word' id='word_1_201' title='bbox 369 3371 466 3435; x_wconf 75' lang='lat' dir='ltr'>Paneg.</span> <span class='ocrx_word' id='word_1_202' title='bbox 489 3369 533 3420; x_wconf 87' lang='lat'>55.</span> 
     </span>
    </p>

    <p class='ocr_par' dir='ltr' id='par_1_12' title="bbox 241 3470 664 3532">
     <span class='ocr_line' id='line_1_25' title="bbox 241 3470 664 3532; baseline 0.002 -10"><span class='ocrx_word' id='word_1_203' title='bbox 241 3472 263 3532; x_wconf 83' lang='lat'>⁴)</span> <span class='ocrx_word' id='word_1_204' title='bbox 281 3473 341 3522; x_wconf 84' lang='lat' dir='ltr'>Tae.</span> <span class='ocrx_word' id='word_1_205' title='bbox 363 3472 432 3522; x_wconf 84' lang='lat' dir='ltr'>Ann.</span> <span class='ocrx_word' id='word_1_206' title='bbox 456 3473 488 3521; x_wconf 92' lang='lat' dir='ltr'>Ill</span> <span class='ocrx_word' id='word_1_207' title='bbox 507 3471 551 3529; x_wconf 90' lang='grc'>76,</span> <span class='ocrx_word' id='word_1_208' title='bbox 571 3473 602 3521; x_wconf 85' lang='lat' dir='ltr'>lv</span> <span class='ocrx_word' id='word_1_209' title='bbox 621 3470 664 3523; x_wconf 79' lang='lat' dir='ltr'>al.</span> 
     </span>
    </p>

    <p class='ocr_par' dir='ltr' id='par_1_13' title="bbox 206 3574 1271 3729">
     <span class='ocr_line' id='line_1_26' title="bbox 241 3574 1271 3647; baseline 0 -23"><span class='ocrx_word' id='word_1_210' title='bbox 241 3575 263 3638; x_wconf 79' lang='lat'>⁵)</span> <span class='ocrx_word' id='word_1_211' title='bbox 281 3575 342 3624; x_wconf 82' lang='lat' dir='ltr'>Plin.</span> <span class='ocrx_word' id='word_1_212' title='bbox 368 3576 412 3639; x_wconf 84' lang='lat' dir='ltr'>Ep.</span> <span class='ocrx_word' id='word_1_213' title='bbox 430 3577 441 3625; x_wconf 93' lang='lat'>1</span> <span class='ocrx_word' id='word_1_214' title='bbox 457 3574 502 3625; x_wconf 71' lang='lat'>17.</span> <span class='ocrx_word' id='word_1_215' title='bbox 524 3575 610 3638; x_wconf 82' lang='lat' dir='ltr'>Capito</span> <span class='ocrx_word' id='word_1_216' title='bbox 627 3575 780 3634; x_wconf 80' lang='lat' dir='ltr'>Brutorum,</span> <span class='ocrx_word' id='word_1_217' title='bbox 799 3574 944 3625; x_wconf 84' lang='lat' dir='ltr'>Cassiorum</span> <span class='ocrx_word' id='word_1_218' title='bbox 961 3580 987 3625; x_wconf 89' lang='lat' dir='ltr'>et</span> <span class='ocrx_word' id='word_1_219' title='bbox 1005 3575 1129 3625; x_wconf 83' lang='lat' dir='ltr'>Catonum</span> <span class='ocrx_word' id='word_1_220' title='bbox 1149 3575 1271 3647; x_wconf 66' lang='lat' dir='ltr'>imagines</span> 
     </span>
     <span class='ocr_line' id='line_1_27' title="bbox 206 3676 1101 3729; baseline 0.001 -4"><span class='ocrx_word' id='word_1_221' title='bbox 206 3677 277 3726; x_wconf 87' lang='lat' dir='ltr'>domi</span> <span class='ocrx_word' id='word_1_222' title='bbox 294 3677 389 3726; x_wconf 86' lang='lat' dir='ltr'>habuit.</span> <span class='ocrx_word' id='word_1_223' title='bbox 408 3677 445 3727; x_wconf 87' lang='lat' dir='ltr'>Cs.</span> <span class='ocrx_word' id='word_1_224' title='bbox 463 3678 518 3727; x_wconf 87' lang='lat' dir='ltr'>Juv.</span> <span class='ocrx_word' id='word_1_225' title='bbox 536 3677 588 3728; x_wconf 84' lang='lat' dir='ltr'>Sat.</span> <span class='ocrx_word' id='word_1_226' title='bbox 605 3679 627 3729; x_wconf 89' lang='lat' dir='ltr'>V</span> <span class='ocrx_word' id='word_1_227' title='bbox 644 3677 677 3728; x_wconf 79' lang='lat'>36</span> <span class='ocrx_word' id='word_1_228' title='bbox 699 3683 725 3728; x_wconf 88' lang='lat' dir='ltr'>et</span> <span class='ocrx_word' id='word_1_229' title='bbox 743 3679 818 3727; x_wconf 88' lang='lat' dir='ltr'>Maro.</span> <span class='ocrx_word' id='word_1_230' title='bbox 838 3678 899 3727; x_wconf 85' lang='lat' dir='ltr'>Aur.</span> <span class='ocrx_word' id='word_1_231' title='bbox 917 3678 1015 3727; x_wconf 88' lang='lat' dir='ltr'>Comm.</span> <span class='ocrx_word' id='word_1_232' title='bbox 1034 3678 1043 3726; x_wconf 95' lang='lat' dir='ltr'>l</span> <span class='ocrx_word' id='word_1_233' title='bbox 1061 3676 1101 3727; x_wconf 75' lang='lat' dir='ltr'>ll.</span> 
     </span>
    </p>

    <p class='ocr_par' dir='ltr' id='par_1_14' title="bbox 242 3778 514 3844">
     <span class='ocr_line' id='line_1_28' title="bbox 242 3778 514 3844; baseline 0.007 -17"><span class='ocrx_word' id='word_1_234' title='bbox 242 3778 263 3842; x_wconf 78' lang='grc'>8)</span> <span class='ocrx_word' id='word_1_235' title='bbox 281 3779 344 3828; x_wconf 85' lang='lat' dir='ltr'>Ptin.</span> <span class='ocrx_word' id='word_1_236' title='bbox 361 3779 455 3844; x_wconf 75' lang='lat' dir='ltr'>Paneg.</span> <span class='ocrx_word' id='word_1_237' title='bbox 474 3778 514 3830; x_wconf 70' lang='lat'>48.</span> 
     </span>
    </p>

    <p class='ocr_par' dir='ltr' id='par_1_15' title="bbox 243 3880 515 3945">
     <span class='ocr_line' id='line_1_29' title="bbox 243 3880 515 3945; baseline 0.004 -15"><span class='ocrx_word' id='word_1_238' title='bbox 243 3881 344 3945; x_wconf 76' lang='grc' dir='ltr'>7)Ρ1ἰτι.</span> <span class='ocrx_word' id='word_1_239' title='bbox 362 3882 456 3945; x_wconf 79' lang='lat' dir='ltr'>Pauog.</span> <span class='ocrx_word' id='word_1_240' title='bbox 474 3880 515 3931; x_wconf 74' lang='lat' dir='ltr'>ul.</span> 
     </span>
    </p>

    <p class='ocr_par' dir='ltr' id='par_1_16' title="bbox 243 3984 527 4050">
     <span class='ocr_line' id='line_1_30' title="bbox 243 3984 527 4050; baseline 0 -16"><span class='ocrx_word' id='word_1_241' title='bbox 243 3986 264 4050; x_wconf 83' lang='lat'>⁸)</span> <span class='ocrx_word' id='word_1_242' title='bbox 282 3986 343 4035; x_wconf 84' lang='lat' dir='ltr'>l‘liu.</span> <span class='ocrx_word' id='word_1_243' title='bbox 376 3986 469 4049; x_wconf 77' lang='lat' dir='ltr'>l‘oneg.</span> <span class='ocrx_word' id='word_1_244' title='bbox 487 3984 527 4034; x_wconf 83' lang='lat'>51.</span> 
     </span>
    </p>

    <p class='ocr_par' dir='ltr' id='par_1_17' title="bbox 244 4086 706 4153">
     <span class='ocr_line' id='line_1_31' title="bbox 244 4086 706 4153; baseline 0 -17"><span class='ocrx_word' id='word_1_245' title='bbox 244 4088 348 4150; x_wconf 74' lang='lat' dir='ltr'>⁰)P1in.</span> <span class='ocrx_word' id='word_1_246' title='bbox 366 4089 459 4153; x_wconf 79' lang='lat' dir='ltr'>l’aneg.</span> <span class='ocrx_word' id='word_1_247' title='bbox 477 4088 501 4138; x_wconf 71' lang='lat'>2.</span> <span class='ocrx_word' id='word_1_248' title='bbox 520 4089 592 4139; x_wconf 82' lang='lat' dir='ltr'>Ilutr.</span> <span class='ocrx_word' id='word_1_249' title='bbox 609 4088 663 4137; x_wconf 93' lang='lat' dir='ltr'>Vlll</span> <span class='ocrx_word' id='word_1_250' title='bbox 683 4086 706 4136; x_wconf 80' lang='lat'>5.</span> 
     </span>
    </p>
   </div>
   <div class='ocr_carea' id='block_1_10' title="bbox 0 0 1438 4920">
    <p class='ocr_par' dir='ltr' id='par_1_18' title="bbox 0 0 1438 4920">
     <span class='ocr_line' id='line_1_32' title="bbox 0 0 1438 4920; baseline 0 0"><span class='ocrx_word' id='word_1_251' title='bbox 0 0 1438 4920; x_wconf 95' lang='lat' dir='ltr'> </span> 
     </span>
    </p>
   </div>
  </div>
 </body>
</html>
