2842 4920
645 381 708 444 117

144 593 273 657 Senecae
294 591 421 656 ridicula
443 600 529 657 esset.
553 591 754 677 Dignissima,
778 615 855 677 quae
878 593 1036 676 legantur,
1056 593 1093 656 de
1105 593 1212 679 Sejano

144 724 174 781 ct
210 715 365 781 Cremutio
398 716 496 781 Cordo
530 717 719 802 reperiuntur
752 718 785 780 in
808 717 866 780 boc
889 740 992 803 opere;
1016 717 1153 802 loquitur
1176 718 1213 782 do

144 841 345 920 delatoribus,
368 865 443 926 quos
465 841 591 926 Sejanus
615 847 650 905 ut
660 840 721 905 sibi
733 848 906 905 mansuetos
917 844 1064 926 sanguine
1078 842 1212 907 humano

141 971 290 1050 pasceret,
305 967 330 1049 1)
345 987 432 1049 -quae
451 965 542 1029 verba
569 966 735 1030 ostendunt
757 966 925 1031 delatorum
939 967 1055 1031 auxilio
1069 967 1212 1051 Sejanum

145 1112 234 1153 usum
257 1111 329 1152 esse.

189 1218 253 1283 Sub
276 1216 403 1282 Claudio
425 1214 511 1279 exsul
533 1237 628 1299 quum
651 1222 751 1291 esset,
774 1216 894 1299 scripsit
916 1213 1162 1279 Consolationem
1175 1217 1212 1280 ad

144 1342 313 1428 Polybium.
338 1342 376 1405 In
399 1364 460 1425 quo
483 1362 570 1424 opere
592 1341 664 1404 facit
686 1339 849 1404 Claudium
872 1340 1024 1404 dicentem
1054 1339 1211 1404 Tiberium

143 1489 213 1530 curn
238 1488 345 1548 magno
369 1465 472 1528 dolore
494 1465 630 1530 Drusum
651 1466 785 1529 omisisse
808 1465 860 1528 sed
885 1465 1007 1529 modum
1018 1464 1140 1529 dolendi
1152 1473 1211 1530 sta·

143 1591 246 1654 tuisse.
262 1588 288 1677 2)
303 1588 392 1653 Nihil
415 1597 566 1675 praeterea
586 1591 618 1653 in
638 1589 695 1654 hoc
718 1589 795 1654 libro
819 1591 983 1675 reperitur,
1008 1590 1087 1674 quod
1100 1592 1211 1655 adrem

143 1721 276 1780 nostram
298 1716 438 1802 pertinet.

187 1841 264 1905 Post
285 1841 408 1905 exilium
433 1840 556 1924 scripsit
573 1839 685 1904 librum
707 1839 745 1903 de
766 1840 999 1924 Tranquillitate
1021 1840 1123 1905 animi.
1150 1841 1211 1905 Illo

143 1989 232 2053 opere
265 1965 443 2052 Sejanum3)
475 1968 587 2049 profert
621 1965 658 2029 ad
692 1965 927 2044 ostendendum,
962 1988 1052 2049 quam
1076 1967 1158 2029 fluxa
1180 1972 1212 2029 ct

141 2091 314 2155 inconstans
335 2089 470 2175 potentia
492 2089 540 2152 sit.

188 2216 226 2279 In
238 2215 343 2294 Ludo,
355 2236 445 2298 quem
457 2213 575 2299 scripsit
587 2213 624 2277 de
636 2220 731 2277 morte
742 2213 878 2291 Claudii,
889 2213 1045 2277 invenitur
1055 2214 1208 2279 Tiberium

143 2342 180 2405 ad
215 2341 285 2405 deos
305 2340 364 2405 isse
376 2340 412 2428 4).
438 2339 505 2404 Hoc
537 2362 598 2402 non
620 2345 719 2424 potest
740 2339 907 2423 significare
929 2338 1084 2403 Tiberium
1107 2337 1209 2403 divum

143 2470 256 2530 lactum
278 2488 358 2545 esse,
381 2464 462 2549 quod
485 2486 668 2548 quamquam
690 2463 738 2528 vel
760 2463 793 2527 in
815 2462 971 2526 nonnullis
983 2462 1082 2527 titulis
1094 2465 1209 2527 inveni-

142 2599 211 2676 tur,
230 2597 332 2655 tamen
355 2589 426 2653 satis
449 2596 567 2653 constat
585 2611 655 2653 eum
679 2610 740 2651 non
763 2593 967 2651 consecratum
991 2593 1022 2651 et
1041 2588 1121 2651 inter
1139 2588 1210 2652 deos

142 2723 295 2802 receptum
318 2737 389 2779 esse.
413 2714 553 2779 Tiberius
575 2714 772 2798 conjungitur
791 2736 861 2778 cum
880 2715 1037 2797 Augusto,
1057 2712 1209 2796 quidivus

141 2840 329 2926 appellatur,
352 2862 448 2923 quum
470 2838 608 2923 Caligula
630 2838 896 2923 praetermittatur.
917 2836 1025 2901 Fateor
1045 2858 1209 2921 meparum

141 2964 330 3050 intelligere,
353 2962 427 3047 quid
450 2962 562 3027 Seneca
585 2962 633 3025 his
657 2961 757 3026 verbis
780 2961 1000 3046 significaverit.

186 3087 250 3152 Sub
283 3088 406 3152 Nerone
443 3086 554 3150 Seneca
588 3085 707 3172 scripsit
729 3086 766 3149 de
789 3084 965 3149 Clementia.
1003 3084 1087 3148 Unus
1109 3084 1209 3161 locus,

143 3213 229 3297 isque
250 3210 337 3276 valde
360 3210 519 3288 notabilis,
542 3210 574 3273 in
585 3210 640 3274 illo
654 3232 742 3295 opere
753 3210 900 3275 occurrit:
922 3206 1210 3296 aNemoprimailla

142 3336 255 3402 Tiberii
277 3341 413 3422 tempora
431 3335 568 3420 loquitur
580 3334 637 3422 5).”
652 3337 721 3416 Quo
737 3337 930 3400 confirmatur
941 3335 983 3415 id,
995 3335 1076 3419 quod
1086 3333 1209 3397 Tacitus

142 3468 173 3526 et
194 3461 357 3526 Suetonius
389 3459 547 3524 memoriae
568 3461 783 3546 prodiderunt,
806 3461 936 3545 priorem
959 3466 1072 3545 partem
1095 3456 1208 3521 Tiberii

142 3586 327 3671 principatus
351 3586 448 3650 multo
474 3583 628 3650 meliorem
650 3586 744 3648 fuisse
763 3606 856 3667 quam
879 3582 1082 3669 posteriorem.

158 3817 204 3878 l)
220 3816 279 3867 Seu.
296 3817 376 3867 Coos,
398 3816 429 3866 ad
449 3816 525 3866 Mare.
542 3816 643 3866 1111114
660 3843 694 3852 -
711 3814 734 3873 8,

177 3903 200 3965 ²)
216 3903 278 3952 Seu.
300 3901 378 3954 Coos.
400 3901 432 3950 ad
450 3900 505 3950 Pol.
527 3901 571 3951 XV
588 3900 613 3951 5.

180 3989 203 4050 ³)
219 3987 278 4037 Seu.
294 3987 329 4036 [le
346 3992 430 4049 tranq.
447 3984 526 4035 animi
543 3985 577 4035 XI
593 3983 634 4036 ll.
656 3985 698 4035 ef.
720 3985 775 4036 Juv.
793 3985 844 4035 sat.
862 3981 969 4034 75-92.

175 4072 198 4134 ⁴)
215 4071 279 4125 Son·
302 4073 364 4122 Lud.
383 4070 434 4120 12.
929 4103 932 4107 -

177 4158 200 4220 5)
217 4157 275 4207 Seu.
295 4157 424 4227 [leClem.
443 4155 452 4204 1
470 4153 494 4203 l.
512 4152 535 4202 6.
