2842 4920
688 373 728 437 66

217 576 252 652 Π
277 589 328 651 38.
364 585 528 666 Hortalus,
558 575 650 671 nepos
683 584 856 665 Hortensii,
881 586 934 669 qui
955 586 1017 671 jam
1040 584 1077 649 ab
1100 585 1241 669 Augusto

173 712 289 777 deciens
312 718 463 797 acceperat
469 762 478 793 ,
502 712 661 797 pecuniam
683 718 777 795 rogat.
803 710 896 775 Recte
919 709 1058 775 Tiberius
1070 709 1240 794 respondit:
1338 764 1341 770 .

176 838 382 922 aLanguescet
404 836 568 915 industria,
605 836 778 899 intendetur
803 836 954 916 socordia,
978 837 1012 899 si=
1025 834 1129 899 nullus
1152 856 1243 898 exse

174 968 270 1026 metus
290 968 343 1025 aut
362 984 450 1047 spec,
470 967 501 1025 ct
519 960 616 1025 securi
636 983 739 1025 omnes
759 960 857 1024 aliena
869 959 1001 1053 subsidia
1012 958 1240 1046 exspectabunt
1324 949 1326 951 ’

174 1085 231 1150 sibi
253 1085 369 1171 ignavi,
392 1083 479 1148 nobis
503 1084 639 1170 graves’'.
665 1084 787 1149 Tacitus
807 1091 907 1149 tamen
929 1082 1240 1170 hocexprobratetin

173 1200 327 1273 Tiberium
350 1209 442 1273 ctiam
465 1208 539 1273 hacc
569 1207 659 1272 verba
685 1208 796 1293 jactat:
825 1209 1001 1274 ainclinatio
1024 1215 1145 1273 senatus
1169 1207 1243 1272 inci-

172 1340 342 1398 tamentum
365 1333 485 1398 Tiberio
509 1333 583 1412 fuit,
608 1356 669 1418 quo
689 1334 858 1421 promptius
882 1333 1116 1398 mirersaretur’'.

219 1457 254 1521 Π
266 1462 318 1521 62.
333 1457 398 1522 aUt
408 1481 493 1522 versa
505 1446 667 1523 Caesarum
678 1458 786 1524 subole
797 1459 958 1546 imperium
970 1457 1107 1522 Tiberius
1119 1457 1244 1543 adeptus

175 1581 251 1646 cst’'.
283 1581 407 1646 Vertere
436 1582 494 1646 hoc
523 1583 589 1647 loco
611 1584 761 1670 significat
783 1591 928 1662 evertere,
962 1583 1136 1648 interficere.
1175 1582 1244 1665 His,

174 1705 273 1770 verbis
289 1707 375 1771 Livia
386 1715 553 1790 accusatur,
577 1716 730 1794 tamquam
740 1709 847 1795 Oejuur
860 1715 891 1773 et
903 1708 1033 1773 Lucium
1044 1708 1244 1788 interfecerit,

176 1831 257 1915 quod
279 1837 381 1896 tamen
400 1833 559 1897 admodum
584 1833 733 1897 incertum
757 1840 809 1899 est.
838 1832 1000 1898 Suetonius
1013 1834 1037 1918 1)
1057 1831 1205 1898 etFlorus
1220 1834 1243 1911 2)

176 1978 237 2020 non
260 1965 494 2021 commemorant
506 1957 588 2049 hunc
598 1979 767 2035 rumorem;
787 1958 908 2024 Tacitus
920 1958 980 2022 alio
992 1958 1058 2022 loco
1071 1956 1190 2021 dubitat
1202 1956 1228 2042 3)
1234 1981 1243 2034 3

176 2080 235 2144 Dio
258 2104 409 2145 rumorem
433 2083 524 2146 fuisse
546 2082 618 2147 dicit
629 2081 665 2170 4).

220 2205 256 2269 ΙΙ
279 2206 493 2272 43.'Tiberius
517 2208 611 2294 magis
636 2216 716 2274 amat
738 2209 892 2288 Drusum,
916 2225 1007 2294 quam
1019 2206 1242 2272 Germanicum.

176 2328 298 2393 Tacitus
321 2353 382 2393 non
406 2331 463 2395 sibi
487 2339 619 2413 constat,
643 2334 695 2417 qui
718 2333 776 2397 alio
801 2333 867 2397 loco
890 2333 970 2397 dicat
991 2319 1145 2397 Tiberium
1167 2331 1246 2396 inte-

176 2476 265 2538 grum
284 2454 435 2540 judicium
450 2457 528 2521 inter
552 2480 601 2521 eos
626 2480 756 2522 servasse
779 2455 814 2544 ⁵).

223 2581 266 2643 ΠἸ
281 2585 333 2644 44.
356 2581 474 2644 Drusus
491 2589 594 2646 contra
607 2581 721 2646 Suebos
735 2582 876 2647 mittitur.
888 2580 1010 2646 Tacitus
1021 2582 1118 2646 addit:
1134 2581 1246 2645 aSuebi

178 2706 452 2792 praetendebantur
462 2706 609 2771 auxilium
622 2707 771 2771 orantes.’'
786 2707 897 2771 Omnia
905 2757 914 2788 ,
928 2729 1004 2792 quae
1015 2706 1153 2772 Tiberius
1161 2707 1232 2772 facit
1236 2757 1247 2788 ,

177 2829 298 2894 Tacitus
322 2830 355 2894 in
378 2830 509 2894 deterius
531 2830 634 2895 trabit.
658 2830 765 2895 Suebis
790 2831 937 2896 auxilium
960 2830 1138 2914 rogantibus
1150 2831 1247 2895 filium

179 2941 296 3034 miu'tj
316 2957 437 3021 Tacitus
459 2964 561 3021 tamen
587 2958 683 3022 credit
705 2980 807 3022 veram
830 2981 950 3023 causam
973 2957 1079 3033 fuisse,
1103 2963 1139 3019 ut
1149 2955 1247 3019 filium

178 3080 253 3144 urbe
276 3089 489 3147 summoveret.

180 3224 183 3231 ’
224 3205 259 3270 Π
284 3209 334 3271 51.
362 3205 565 3281 ῃΙιεθῐεὺπυτ
586 3206 741 3287 Tiberius,
764 3229 858 3292 quum
870 3206 949 3270 inter
959 3206 1036 3270 filios
1048 3206 1113 3291 ejus
1125 3211 1156 3269 et
1166 3204 1246 3290 leges

177 3337 302 3395 senatus
324 3312 536 3416 disceptaret.”
563 3331 655 3396 Amat
676 3332 797 3397 Tacitus
820 3330 918 3396 verbis
930 3331 1039 3395 odiosis
1050 3331 1083 3395 in
1094 3332 1248 3397 Tiberium

179 3454 298 3533 invehi,
324 3455 375 3520 sed
397 3455 453 3521 hac
475 3455 508 3518 in
530 3477 562 3519 re
584 3464 760 3541 argumenta
781 3458 899 3522 desunt

214 3677 235 3741 ¹)
253 3678 321 3727 Suet.
340 3678 407 3744 Aug.
429 3679 470 3730 65.

213 3781 235 3843 ²)
254 3781 318 3831 Flor.
337 3782 369 3833 lV
388 3781 427 3833 m.
446 3783 491 3834 43.

214 3882 236 3942 ³)
254 3883 312 3932 Tac.
330 3883 399 3934 dnn.
423 3883 478 3935 13.

212 3985 235 4045 ⁴)
255 3985 301 4034 Dio
320 3987 362 4036 LV
378 3985 419 4035 u.

215 4087 236 4151 ⁵)
254 4087 315 4138 Tac.
339 4088 409 4137 dnn.
433 4088 466 4137 ΙΙΙ
482 4087 527 4137 56.
