2842 4920
665 402 702 463 51

138 611 307 698 que’plaire
329 609 500 697 congruunt
516 608 590 686 ,cum
613 613 665 691 iis,
677 605 802 699 'quibus
815 605 941 681 'Plinius
961 603 1001 680 'de
1017 602 1218 702 adoptatione

137 737 257 823 Trajani
286 737 384 802 utitur
407 737 442 825 1).
471 738 529 802 His
558 739 737 804 Juvenalem
759 739 867 804 addere
887 763 1065 827 possumus,
1098 728 1206 827 quiin

138 862 238 927 satiris
268 863 487 929 ‚Domitianum
528 871 558 928 et
598 865 730 950 reliquos
762 866 909 950 principes
943 866 1018 931 atris
1051 852 1223 932 coloribus.

139 987 286 1074 depinxit.

182 1115 222 1177 In
244 1114 414 1179 Annalibus
437 1138 557 1200 quoque
579 1116 683 1180 Tacito
706 1117 851 1202 Trajanus
875 1140 989 1204 semper
1012 1119 1050 1184 ob
1074 1127 1206 1184 mentem

138 1239 332 1317 obversatum
378 1239 460 1324 quod
504 1240 573 1304 luce
607 1240 716 1304 clarius
737 1232 783 1304 'ex
817 1241 923 1305 duobis
956 1243 1029 1308 locis
1063 1252 1184 1330 apparet
1195 1294 1205 1325 ‚

137 1364 208 1429 ubi'
224 1364 361 1449 queritur
387 1364 524 1430 bellicam
557 1365 683 1450 gloriam
716 1389 734 1429 a
767 1366 886 1430 Tiberio
910 1368 992 1452 parvi
1016 1369 1217 1434 aestimatam¹

138 1512 201 1554 esse
235 1491 425 1575 eundemque
457 1490 625 1576 proterendi
659 1481 778 1576 imperii
813 1491 1000 1557 incuriosum
1022 1477 1150 1579 frissel)
1175 1500 1205 1557 et

138 1642 174 1683 ex
204 1616 326 1698 studio,
361 1640 421 1702 quo
451 1639 496 1680 ros
530 1623 627 1700 gestas
655 1607 812 1700 describit,
836 1615 946 1701 quibus
968 1639 1062 1702 paene
1083 1617 1204 1682 tertiam

137 1751 265 1830 partem·
277 1765 329 1807 sex
351 1736 485 1828 priorum
508 1741 653 1806 librorum
673 1741 841 1806 Annalium
853 1742 993 1828 complet.
1018 1743 1101 1808 Haeo
1114 1725 1221 1808 etiam*

138 1875 182 1932 est
205 1891 311 1948 causa,
335 1890 388 1932 our
413 1866 610 1930 Germanicus
632 1866 724 1930 tantis
747 1866 887 1930 laudibus
910 1869 1067 1947 efferatur}
1092 1889 1128 1931 ex
1150 1869 1204 1945 iis,

138 1991 215 2077 quae
247 2015 385 2079 praesens
407 1991 546 2069 viderat,'
562 1990 716 2055 Tiberium
736 1998 767 2055 et
786 1981 1000 2056 Germanicum
1023 1992 1123 2058 animo
1148 1993 1205 2058 sibi

137 2118 234 2182 finxit.
271 2117 463 2202 ‚Exemplum
497 2115 619 2180 alterius
653 2116 866 2196 Domitianus,
905 2117 1029 2181 alterius
1056 2117 1204 2203 ·Trajanus

138 2252 211 2310 erat.
237 2244 437 2327 ‘Quamquam
469 2243 533 2327 ipse
565 2232 720 2326 profitetur
753 2241 842 2306 initio
878 2243 1044 2306 Annalium
1074 2265 1106 2306 se
1140 2242 1205 2306 sine

139 2370 239 2435 studio
263 2377 315 2433 aut
333 2370 378 2433 ira
396 2359 595 2452 scripturum,
619 2366 676 2431 hoo
693 2373 795 2431 tamen
815 2367 901 2431 valde
918 2366 1069 2451 neglexit:
1089 2365 1206 2430 nobiles

140 2501 171 2559 et
186 2486 350 2580 ¹optimates
374 2493 515 2574 miratur,
540 2481 753 2557 Germanicum
775 2500 872 2572 amat,
895 2477 1050 2556 Tiberium
1073 2490 1145 2555 odit.
1218 2502 1221 2507 '

182 2612 271 2683 ‘Alius
288 2622 387 2685 :locus
422 2625 483 2698 ost,
518 2606 572 2681 ribi
605 2617 642 2681 de
672 2641 721 2696 eo,
756 2618 837 2703 quod
860 2617 917 2681 sibi
938 2602 1092 2702 proposuit
1101 2621 1113 2696 ,'
1145 2598 1200 2679 nos

139 2736 278 2811 certiores
300 2746 381 2810 facit.
399 2733 607 2820 Eirousatse,
631 2743 712 2827 quod
734 2765 781 2805 res
804 2741 931 2820 scribat,
954 2763 1031 2825 quae
1044 2741 1217 2805 minimum

139 2857 346 2936 oblectationis
368 2868 492 2933 afferant
504 2867 539 2956 3).
572 2868 638 2932 Hoc
660 2869 791 2932 ostendit
811 2890 880 2931 eum
899 2866 1036 2931 arbitrari
1055 2873 1084 2930 et
1108 2865 1203 2931 histo·

139 2999 214 3061 riam
232 2996 420 3081 voluptatem
439 2993 609 3079 legentibus
621 2995 724 3057 afferro
746 2999 882 3078 oportere
895 2999 926 3055 et
943 3013 1018 3076 opus
1038 2973 1211 3055 oratorium¹

139 3119 248 3208 esse-⁴).
268 3119 352 3184 Haec
363 3104 464 3183 autem
476 3104 617 3204 primaria
629 3104 717 3182 causa
729 3123 788 3195 est,
801 3140 856 3180 our
866 3122 930 3180 tota
941 3115 1067 3180 historia
1078 3100 1210 3201 antiqua

140 3245 253 3308 incerta
265 3245 319 3321 sit,
342 3265 471 3327 namque
483 3243 556 3307 dum
568 3242 733 3326 elegantiae
745 3249 776 3306 et
786 3239 1005 3327 pulchritudini
1018 3241 1203 3320 consulitur,

139 3369 248 3433 veritas
259 3369 471 3453 corrumpitur.
496 3368 588 3432 Recte
599 3367 757 3452 Macaulay
769 3365 879 3430 dixisse
891 3365 966 3430 mibi
977 3366 1096 3431 videtur
1108 3373 1203 3430 totam
1269 3354 1270 3359 ¹
1297 3350 1299 3356 Ι

140 3501 270 3558 veterem
302 3493 458 3557 historiam
490 3494 638 3577 pertinere
662 3492 699 3555 ad
722 3490 754 3555 id
775 3491 944 3555 litterarum
968 3513 1081 3576 genus,
1105 3490 1202 3574 quod,

148 3701 334 3710 *-

176 3811 276 3877 1)Ρ1111.
295 3813 391 3878 Paneg.
410 3811 434 3863 7.
459 3812 549 3862 Nissen
570 3810 618 3861 hoc
639 3811 737 3875 primus
757 3810 865 3859 ostendit
874 3809 968 3863 Rhein.
990 3809 1114 3858 Museum
1131 3805 1204 3857 1871.

173 3916 196 3977 ²)
213 3917 271 3967 Tac.
289 3916 355 3966 Anu.
369 3917 403 3966 IV
421 3916 444 3980 4,
463 3917 498 3967 lV
514 3914 554 3965 32.

174 4019 197 4077 ³)
214 4020 272 4070 Tac.
292 4020 360 4070 Ann.
383 4021 406 4081 l,
426 4019 516 4070 11ist.1
534 4018 562 4069 l.

174 4122 196 4186 ⁴)
214 4123 264 4171 Cio.
282 4123 314 4171 de
333 4123 395 4186 Lug.
413 4123 422 4170 l
440 4121 467 4170 2.
