2842 4920
708 344 749 404 56

192 556 282 620 huius
304 555 455 621 auctoris?
479 556 670 641 Quamquam
693 579 753 620 nou
775 555 880 640 ignoro
902 556 1013 621 multos
1035 556 1123 620 aliter
1134 555 1260 635 sentire,

192 679 286 745 libere
307 681 447 766 profiteor
456 704 504 745 me
514 703 576 744 non
586 680 752 767 perspicere
764 680 927 745 utilitatem
939 680 1031 745 huius
1045 680 1259 765 inquisitionis,
1364 667 1366 670 ¹

193 805 218 869 si
229 812 330 871 tamen
342 805 379 869 ad
392 806 562 890 incognitos
574 809 670 870 tontes
682 805 882 890 pervenimus.
903 805 1004 870 Aliter
1015 828 1046 869 se
1056 828 1103 870 res
1114 805 1222 889 habet,
1235 805 1261 869 si

195 911 257 994 duo
273 929 435 1016 ‘scriptores
458 929 557 994 adhuc
568 938 731 1015 supersunt
743 936 774 993 et
785 928 872 993 nobis
881 929 1079 1016 judicandum
1089 937 1143 1007 est,
1156 937 1260 994 utrum

193 1054 269 1120 alter
286 1054 384 1119 ‘'a-ltero
403 1077 477 1118 usus
495 1054 537 1118 sit
559 1077 653 1119 necne
662 1103 672 1134 ‚
695 1054 744 1120 vel
766 1061 870 1118 utrum
892 1052 1190 1120 iisdemauctoribus
1212 1054 1261 1118 usi
1362 1134 1364 1139 Ι

193 1179 254 1244 sint
266 1202 376 1260 annon,
388 1179 469 1264 quod
475 1173 661 1267 'magnopore
673 1186 775 1244 nostra
782 1153 928 1242 interesse
940 1176 1078 1242 arbitror.
1092 1178 1260 1258 Quomodo

192 1275 377 1391 antiquiores
399 1307 557 1392 scriptores
575 1306 697 1371 Tacitus
709 1276 897 1387 adhibuerit,
920 1303 1041 1370 difficile
1053 1310 1106 1369 est·
1118 1309 1258 1373 statuere.

195 1432 265 1496 Veri
285 1432 383 1497 simile
405 1441 451 1497 est
474 1456 544 1497 eum
563 1456 625 1499 non
642 1432 712 1498 illos
723 1433 887 1500 adverbum
900 1432 1090 1519 descripsisse
1100 1432 1151 1497 sed
1163 1431 1261 1496 multo

193 1557 230 1621 de
252 1580 307 1621 suo
325 1556 482 1623 addidisse.
510 1557 602 1622 Facta
624 1557 695 1622 inde
718 1558 838 1636 hausit;
861 1558 968 1622 modus
991 1555 1157 1636 scribendi,
1180 1554 1261 1619 undo

195 1681 295 1746 omnia
301 1680 443 1767 pendent,
451 1681 744 1766 indeuonprovenit.
754 1680 916 1745 Pulchram
925 1679 1152 1766 descriptionem
1160 1701 1261 1744 rerum

192 1813 345 1890 gestarum
368 1812 400 1870 et
419 1805 615 1891 judiciorum,
639 1805 744 1869 laudes
767 1805 939 1871 Germanici
957 1812 988 1869 et
1009 1803 1260 1890 vituperationem

192 1928 305 1993 Tiberii
326 1928 359 1992 in
380 1928 471 1993 rebus
493 1927 633 1993 omnibus
654 1951 717 1994 non
740 1952 777 1993 ex
799 1902 866 1993 aliis
877 1952 947 1993 eum
958 1927 1175 2015 deprompsisse
1185 1933 1260 2012 puto

193 2053 246 2118 scd
256 2053 293 2118 de
304 2076 359 2117 suo
371 2052 494 2119 dedisse.
521 2053 604 2118 Haec
615 2055 825 2122 tantummodo
837 2061 992 2119 constant:
1005 2026 1144 2117 Tacitum
1157 2074 1259 2116 curam

192 2178 323 2242 fontium
335 2178 488 2263 habuisse,
500 2179 578 2264 qnia
587 2177 687 2244 Plinio
695 2179 815 2255 Minore
823 2184 938 2264 peteret
945 2177 1146 2243 narrationem
1155 2175 1260 2239 mortis

192 2303 354 2384 avunculi,
377 2303 484 2368 deinde
507 2326 578 2368 eum
596 2311 691 2368 artem
702 2305 836 2369 criticam
846 2303 879 2367 iu
888 2302 996 2367 iisdem
1007 2301 1186 2367 adhibendis
1197 2321 1259 2364 non

193 2428 315 2491 omnino
338 2410 523 2512 neglexisse,
546 2450 640 2512 quum
665 2428 754 2492 sciret
776 2427 932 2492 historiam
955 2449 1025 2492 cum
1046 2427 1092 2491 ira
1111 2432 1141 2489 et
1160 2425 1260 2489 studio

192 2552 332 2638 scriptam
344 2575 407 2617 esse
420 2555 462 2631 2),
484 2560 552 2617 tum
564 2575 633 2617 vero
646 2575 716 2617 eum
728 2553 896 2639 complures
908 2558 1044 2617 auctores
1057 2550 1258 2629 consuluisse,

192 2677 321 2761 denique
349 2650 418 2741 cum
440 2700 530 2741 usum
552 2699 615 2741 esse
638 2677 728 2743 etiam
750 2677 924 2743 auctoribus
945 2676 1065 2742 Tiberio
1087 2675 1212 2740 infensis
1224 2677 1258 2759 ³).

211 2801 360 2866 ·Tacitus
390 2802 652 2889 reprehendendus
687 2808 750 2880 est,
785 2803 856 2888 quia
888 2824 1025 2866 rumores
1046 2801 1079 2864 iu
1103 2798 1259 2864 historiam

192 2927 313 3006 inserit,
347 2907 423 3011 quos
456 2927 519 3014 ipse
553 2950 639 3013 saepe
668 2949 730 2991 non
764 2927 883 3012 ignorat
912 2927 1002 2992 falsos
1032 2949 1103 2991 esse.
1139 2925 1259 2992 Odiosis

193 3051 365 3116 rumoribus
387 3052 529 3118 delectari
551 3052 689 3134 videtur,
712 3075 787 3138 quos
810 3060 914 3117 contra
937 3051 1092 3117 OEibemum
1109 3052 1259 3131 adhibeat,

194 3182 230 3239 ut
263 3175 399 3260 exempla
433 3175 698 3257 demonstrabunt,
730 3177 783 3242 ubi
812 3184 913 3242 tamen
936 3199 1005 3241 eum
1028 3177 1176 3263 corripere
1198 3202 1260 3243 non

192 3321 369 3386 possumus,
393 3300 463 3385 quia
486 3300 671 3387 septemplici
694 3301 789 3387 clipeo
801 3325 832 3366 sc
844 3302 992 3388 protegit,
1015 3303 1134 3368 ffioens:
1150 3327 1259 3390 „penes

193 3430 347 3490 auctorem
368 3423 440 3488 fides
450 3436 453 3441 ⁴
463 3430 526 3488 esto
538 3422 597 3512 4).·”

195 3641 292 3648 ·---
299 3643 406 3649 -.--

231 3742 252 3806 ¹)
268 3741 331 3792 Ptin.
349 3743 393 3806 Ep.
407 3744 439 3794 Vl
457 3742 496 3794 16.

227 3845 250 3909 ²)
269 3845 326 3895 Tac.
344 3846 413 3896 Anu.
430 3846 439 3895 1
458 3844 481 3895 1.

227 3947 249 4011 ³)
265 3946 324 3997 Tac.
342 3946 406 3996 Anu.
425 3949 457 3998 IV
475 3946 518 4010 11,
537 3949 569 3999 lV
586 3948 627 3999 53.
784 4013 786 4019 ¹

227 4048 249 4113 ⁴)
265 4049 329 4099 Sunt
347 4050 423 4100 verba
440 4049 553 4101 Senecae
571 4052 628 4102 Nut.
647 4055 750 4121 Quaest.
768 4055 808 4108 tv.
825 4055 849 4105 3.
