2842 4920
703 377 744 437 64

189 587 311 652 Tacitus
344 594 445 652 autem
478 609 548 654 eum
577 587 625 652 his
647 586 747 652 verbis
768 594 901 654 accusat:
935 594 1110 674 npiomptus
1129 594 1193 651 erat
1214 585 1251 650 ad

187 713 369 799 asperiora”,
390 712 462 796 quia
483 711 596 776 Tiberii
617 712 698 776 filius
711 719 756 775 est
767 719 798 776 ct
810 713 878 776 miti
890 712 1068 777 Germanico
1081 712 1253 798 oppunitur.

234 838 251 902 I
277 841 327 901 53.
350 836 486 912 ''Juliam
507 836 576 901 tabe
593 837 848 921 lmcpcperemit”.
872 837 1067 901 Juliatamen
1079 843 1255 901 mortuaest

69 970 71 979 '
187 962 290 1047 paucis
319 960 490 1040 mensibus,
524 967 683 1045 postquam
714 959 851 1025 Tiberius
885 961 1091 1048 principatum
1126 960 1252 1046 adeptus

188 1087 275 1166 est1).
288 1086 390 1151 Etiam
400 1087 559 1170 Augustus
571 1109 691 1152 severus
702 1109 772 1170 erga
782 1087 878 1151 filiam
889 1088 948 1151 fuit
957 1086 993 1174 2).
1006 1086 1143 1150 Tiberius
1155 1108 1253 1170 neque

189 1211 322 1296 inhujus
334 1218 429 1275 morte
440 1234 537 1296 neque
548 1212 581 1275 in
593 1210 742 1292 Gracchi,
757 1212 889 1295 quicum
898 1212 1076 1291 offenderat,
1087 1211 1252 1295 quidquam

55 1336 59 1343 ’
189 1337 356 1414 commisit,
391 1335 473 1420 quod
504 1335 763 1421 reprehendamus.
807 1338 953 1401 Attamen
982 1335 1104 1401 Tacitus
1136 1337 1254 1402 incusat

187 1460 357 1540 Tiberium,
381 1467 417 1524 ut
438 1459 545 1524 verba:
569 1483 642 1546 npsr
664 1483 753 1525 causa
775 1462 938 1526 saevitiae”
962 1461 1125 1526 ostendunt
1147 1468 1179 1525 et
1202 1461 1254 1524 ad·

188 1586 317 1650 miratur
340 1584 521 1650 Gracchum.

234 1712 251 1776 I
275 1716 326 1776 69.
351 1709 426 1775 Jurc
449 1709 589 1774 Tiberius
608 1713 782 1794 aegrefert,
798 1709 879 1794 quod
890 1709 1058 1796 Agrippina
1068 1709 1255 1795 imperatoris

189 1837 253 1901 vice
287 1839 430 1920 fungatur
463 1843 495 1900 et
524 1835 624 1899 studia
646 1835 780 1900 militum
803 1841 935 1918 quaerat.
960 1835 1082 1900 Tacitus
1104 1834 1266 1920 vituperat.

187 1959 363 2029 Tiberium:
387 1959 470 2024 haud
491 1960 618 2038 mirum,
641 1983 771 2045 namque
784 1960 1000 2026 Germanicum
1012 1968 1045 2025 et
1055 1961 1255 2046 Agrippinam

190 2091 284 2163 amat,
307 2083 462 2148 Tiberium
484 2083 558 2149 odit.

205 2270 211 2284 ‚
235 2209 254 2273 Ι
277 2212 328 2275 72.
354 2209 468 2284 uHunc
490 2232 610 2294 quoquc
632 2232 839 2296 exasperarem
862 2210 1024 2276 carmina”.
1050 2208 1140 2289 Quod
1155 2215 1256 2273 tamen

190 2333 258 2398 aliis
280 2333 354 2398 locis
376 2333 544 2398 confirmari
563 2356 625 2399 non
638 2333 788 2411 videmus,
807 2357 831 2399 e
845 2356 874 2418 g.
888 2334 921 2398 O.
936 2333 1108 2398 Cominium
1119 2331 1256 2418 probrosi

190 2459 223 2523 in
245 2482 277 2524 se
298 2459 437 2524 carminis
460 2457 799 2537 convictum,Tiberius
810 2457 949 2544 precibus
961 2459 1060 2524 fratris
1072 2457 1217 2522 concessit
1228 2457 1256 2543 8)

191 2583 405 2649 et'Suctonius
427 2584 517 2670 plane
539 2590 632 2668 negat
642 2582 680 2670 ⁴).

236 2709 253 2775 I
278 2713 328 2776 73.
354 2716 486 2793 cquanta
497 2708 609 2773 Tiberii
631 2715 694 2774 arte
713 2707 922 2794 gravissimum
934 2708 1061 2772 exitium
1073 2707 1255 2793 irrepserit”.

191 2832 259 2899 Hoc
292 2834 329 2898 dc
361 2832 427 2918 lege
460 2811 623 2918 majestatis
658 2832 785 2910 dicitur,
821 2855 898 2916 quac
927 2833 989 2917 jam
1023 2831 1080 2897 sub
1115 2833 1255 2916 Augusto

191 2958 386 3025 exercebatur
409 2960 444 3044 ⁵).

235 3084 253 3148 I
278 3087 327 3149 74.
355 3081 557 3158 „Foedissima
567 3104 703 3167 quaeque
713 3081 745 3145 in
757 3081 911 3146 Tiberium
923 3080 1003 3145 dicta
1014 3103 1077 3145 esse
1096 3085 1253 3166 putantur,

191 3208 262 3292 quia
284 3230 353 3273 vera
375 3213 468 3272 erant.
491 3207 534 3271 At
552 3206 631 3271 hanc
648 3213 764 3292 partem
780 3206 966 3292 principatus
985 3227 1089 3269 omnes
1110 3205 1253 3284 laudant,

190 3332 238 3397 vel
260 3331 381 3396 Tacitus
404 3331 467 3417 ipsc
491 3331 529 3419 ⁶).

224 3581 242 3642 ¹)
260 3579 330 3631 Suet.
345 3579 402 3631 Tib.
425 3578 465 3630 50.

220 3683 241 3746 ⁹)
259 3682 326 3732 Suet.
345 3681 414 3747 Aug.
438 3681 483 3733 65.

215 3785 237 3845 ³)
254 3784 311 3834 Tac.
328 3784 397 3834 Anu.
422 3783 513 3835 1v31.
541 3782 608 3835 Suet.
625 3784 682 3836 Tib.
711 3783 758 3834 28.
822 3801 826 3809 ·

215 3886 237 3949 ⁴)
254 3885 323 3936 Suet.
347 3885 404 3936 Tib.
427 3885 468 3936 28.

223 3987 245 4040 ⁵»
261 3989 320 4040 Tac.
340 3988 404 4038 Anu.
423 3990 432 4037 1
451 3988 490 4038 72.

222 4090 244 4153 6)
265 4090 322 4139 Tac.
340 4089 405 4140 Aua.
422 4091 456 4141 VI
473 4089 513 4139 57.
