2842 4920
689 373 730 435 74

216 582 264 646 Vl
288 587 339 650 32.
364 583 503 648 Ridicule
523 582 654 648 traditur
674 583 850 650 Plancinam
869 581 1037 648 inimicitiis
1054 584 1242 669 Agrippinae

175 709 326 774 defensam
356 710 462 774 fuisse:
491 708 630 795 precibus
653 710 758 775 Liviae
781 709 902 774 veniam
925 708 1059 774 obtinuit
1071 708 1098 796 ¹)
1120 716 1151 773 et
1173 733 1245 775 essu

175 834 304 920 quodam
328 836 428 900 denuo
449 843 587 899 accusate
610 842 658 899 est
676 843 744 921 post
763 834 947 920 Agrippinae
970 839 1108 899 mortem.

220 958 267 1022 VI
292 961 342 1025 51.
369 957 527 1043 ,sOaligula
549 958 776 1024 simulationum
797 959 871 1024 falsa
893 959 926 1022 in
947 957 1017 1025 sinu
1042 958 1090 1024 avi
1112 957 1244 1044 perdidi·

175 1081 286 1146 cerat.”
311 1082 390 1147 Vide
411 1083 449 1148 ad
472 1082 520 1148 IV
542 1087 558 1149 7
564 1089 593 1150 2.

222 1205 289 1280 ,VI
306 1209 357 1271 52.
381 1207 427 1271 Eo
439 1206 515 1295 (scil.
528 1208 720 1273 simulatione
730 1208 909 1294 Caligulae).
933 1207 1072 1272 'liberius
1090 1206 1243 1273 dubitavit

174 1331 291 1396 tradere
299 1354 362 1396 rem
370 1332 554 1418 publicam’'.
568 1335 611 1398 At
617 1333 755 1398 liberius
762 1334 873 1399 dicitur
882 1332 1067 1398 existimasse
1074 1332 1244 1398 simulatio-

175 1478 244 1521 nem
256 1457 398 1523 virtutem
410 1481 487 1537 esse;
509 1481 606 1523 mores
627 1459 783 1544 Caligulae
795 1458 1014 1523 dubitationem
1025 1456 1194 1522 attulerunt
1205 1459 1241 1542 ⁹).

87 1634 91 1642 .
199 1634 203 1641 .
221 1581 264 1644 Hi
287 1581 345 1645 loci
366 1582 565 1647 inveniuntur
586 1583 666 1668 apud
688 1583 880 1669 scriptorem,
904 1583 957 1666 qui
968 1581 1033 1645 sine
1044 1581 1145 1645 studio
1156 1587 1186 1645 et
1198 1580 1243 1645 ira

175 1727 207 1767 se
230 1704 412 1790 scripturum
434 1707 604 1792 pollicetur.
629 1707 689 1771 Sed
711 1707 793 1772 aliud
812 1713 857 1771 est
874 1705 1069 1792 promittere,
1092 1705 1175 1769 aliud
1197 1711 1243 1769 est

174 1828 355 1914 promissum
377 1838 535 1915 praestare.
559 1831 644 1895 Num
667 1831 734 1916 quis
757 1830 895 1896 dubitare
912 1838 1010 1917 potest
1029 1831 1077 1895 his
1089 1829 1163 1894 locis
1175 1853 1239 1915 per-

174 1954 304 2039 spectis?
327 1953 359 2018 Si
381 1953 518 2019 liberius
540 1955 636 2020 Taciti
657 1956 796 2020 inimicus
819 1957 939 2036 fuisset,
962 1956 1014 2040 qui
1034 1977 1105 2020 eum
1116 1957 1243 2041 pessime

175 2078 358 2156 voravisset,
382 2102 441 2143 non
461 2080 650 2166 injustiorem
671 2088 700 2145 et
719 2079 902 2146 acerbiorem
920 2079 1150 2164 descriptionem
1170 2078 1242 2145 dare

173 2203 330 2287 potuisset.
355 2203 434 2269 Sunt
456 2205 579 2289 quidam
603 2206 672 2286 loci,
697 2204 750 2270 ubi
773 2208 833 2269 fere
855 2204 900 2268 ira
923 2202 1182 2281 excandescimus,
1216 2204 1240 2267 si

174 2326 303 2411 legimus
337 2328 518 2394 industriam
542 2329 655 2394 Tiberii
675 2331 711 2413 ⁸),
734 2329 952 2394 recusationem
974 2326 1177 2392 venerationis
1195 2326 1239 2414 4),

174 2453 333 2517 consilinm
354 2453 548 2540 imperiorum
572 2453 844 2520 continuandorum
868 2453 1032 2538 vituperari
1053 2452 1098 2540 ⁵),
1132 2460 1163 2516 et
1186 2476 1242 2517 avo

175 2579 294 2642 crimini
316 2579 397 2655 dari,
420 2580 500 2663 quod
521 2580 649 2643 duorum
664 2585 809 2663 nepotum
821 2586 909 2663 partu
920 2578 1049 2662 gaudeat
1060 2581 1094 2658 ⁶).
1120 2579 1241 2643 Tacitus

174 2703 295 2788 quidem
306 2704 400 2769 tradit
405 2703 498 2769 bonas
505 2711 583 2769 artes
590 2703 712 2780 Tiberii,
721 2703 772 2767 sed
780 2703 861 2767 haud
868 2702 998 2768 libenter
1008 2702 1039 2766 id
1048 2704 1121 2768 facit
1128 2729 1137 2780 3
1150 2703 1240 2767 etiam

175 2828 206 2891 in
218 2827 256 2892 iis
263 2876 273 2907 ,
292 2851 368 2912 quae
378 2828 514 2893 Tiberius
525 2829 584 2894 rite
596 2829 667 2893 facit
672 2878 681 2908 ,
700 2829 876 2915 plerumque
888 2850 958 2892 eum
970 2829 1139 2914 vituperat;
1162 2827 1240 2893 libro

174 2953 285 3038 primo,
305 2955 436 3018 secundo
453 2960 483 3020 et
498 2955 603 3034 tertio,
622 2977 682 3038 quo
694 2961 812 3040 tempus
825 2952 1020 3032 describitur,
1037 2952 1092 3017 ubi
1103 2953 1240 3018 liberius

173 3076 262 3141 laude
291 3078 402 3163 dignus
424 3087 487 3156 est,
522 3081 652 3144 maxime
675 3085 838 3143 occurrunt
859 3078 930 3141 illae
953 3077 1113 3142 insidiosae
1141 3075 1257 3142 obser.

174 3202 323 3280 vationes,
346 3201 456 3287 quibus
479 3203 578 3268 omnia
601 3204 632 3267 in
657 3203 789 3267 deteriru
807 3202 908 3266 trahit.
935 3200 1098 3265 Pulchram
1121 3222 1240 3264 morum

173 3324 285 3390 liberii
318 3326 546 3412 descriptionem
580 3349 618 3390 ex
651 3327 755 3390 Tacito
790 3332 891 3411 petere
924 3347 1101 3411 possumus,
1137 3324 1180 3388 ita
1206 3330 1240 3388 ut

211 3574 231 3638 ¹)
249 3576 306 3625 Tac.
325 3575 389 3626 Aun.
407 3576 441 3625 lll
459 3573 498 3624 15.

207 3679 229 3740 ²)
274 3697 285 3724 u
351 3700 360 3726 a
405 3679 437 3728 lV
455 3677 498 3727 71.

208 3780 231 3842 ³)
276 3800 287 3826 n
350 3799 361 3826 u
407 3779 478 3829 l75.

209 3880 232 3943 ⁴)
276 3898 287 3926 n
353 3901 363 3927 a
409 3882 439 3930 lV
457 3880 497 3930 38.

275 4000 286 4028 n
350 4000 361 4028 u
407 3982 477 4032 180.

275 4102 286 4129 n
350 4102 360 4130 n
405 4084 484 4134 1181.

207 3983 229 4044 ⁸)

208 4084 230 4147 ⁶)
