2842 4920
689 376 730 436 28

177 607 284 648 consec
308 594 388 661 crat,
412 607 466 648 cur
487 585 616 670 populus
639 586 782 670 gauderet
804 585 914 649 Tiberii
937 586 1046 653 reditu.
1070 586 1150 651 Tum
1176 613 1255 655 vero

175 710 354 794 uuicuique,
376 711 428 795 qui
440 733 571 773 uuiorum
584 710 715 795 Augusti
731 733 801 794 urge
813 720 950 796 nepotem
963 711 1048 775 novit
1055 760 1065 789 ,
1077 711 1252 779 ridiculum

174 836 293 900 videtur
316 838 492 919 Augustum
518 835 706 899 inanimum
730 835 883 899 induxisse
906 835 983 899 Gaio
1007 836 1075 899 vivo
1086 835 1250 904 Tiberium

175 961 333 1045 adopts-rc,
357 969 389 1024 ut-
410 958 598 1044 prchibitum
615 959 809 1023 cssc'liberio
832 959 896 1044 ipso
915 967 1109 1044 repugnante.
1131 960 1252 1030 Scribit

174 1084 231 1147 hoc
243 1084 394 1169 Vellejrm,
419 1083 605 1148 nc'l‘ibcrius
628 1108 698 1147 casu
718 1084 865 1168 quodmn,
889 1083 970 1169 quorl
988 1106 1022 1148 re
1037 1106 1107 1148 veru
1127 1087 1249 1151 fuctum

174 1215 233 1286 cst,
254 1209 453 1295 principatum
465 1209 590 1294 adeptus
603 1232 665 1271 csse
677 1209 813 1272 videatur
822 1207 1050 1293 uupuccundem
1059 1208 1246 1277 obtenturus

174 1334 313 1397 orcdutur
336 1333 426 1397 fuisse
449 1333 525 1397 Guio
550 1333 627 1398 vivo.

219 1457 362 1543 Ampulla
383 1459 472 1542 plone
499 1457 664 1521 offunditur
687 1457 719 1520 in
741 1457 935 1522 describendo
959 1458 1068 1542 gaudio
1092 1459 1129 1523 dc
1150 1414 1244 1546 adop·

174 1584 287 1647 tutione
320 1582 450 1662 'riberii,
473 1582 516 1649 ita
539 1589 574 1646 ut
597 1582 674 1645 iuter
696 1574 858 1667 legendum
882 1581 933 1645 vix
958 1581 1054 1646 risum
1076 1589 1186 1648 teneus.

221 1708 267 1771 De
290 1706 482 1791 adoptatione
501 1706 574 1769 haec
587 1705 705 1771 scribit:
732 1707 910 1790 nbugustus
923 1728 983 1769 nou
997 1714 1042 1771 cst
1054 1706 1105 1771 diu
1117 1715 1242 1773 cunctu-

174 1839 242 1910 tus3
263 1854 360 1915 neque
376 1831 455 1893 cuim
469 1831 655 1913 ‹pluereiulus
667 1838 747 1907 erut,
771 1854 860 1914 quem
873 1831 1004 1915 legeret,
1015 1831 1068 1895 sod
1078 1831 1241 1915 legendus,

173 1958 224 2040 qui
237 1956 418 2021 eminebat.'’
433 1955 606 2032 Videamus,
619 1978 695 2039 quine
707 1956 796 2019 ceteri
809 1956 968 2040 scriptores
977 1956 1104 2020 tradent.
1118 1955 1243 2020 'lbcitus

175 2105 236 2144 nou
270 2082 325 2146 sibi
348 2087 476 2158 (mustut,
506 2081 602 2165 primo
626 2080 692 2144 loco
716 2081 738 2159 1)
763 2080 837 2144 dicit
857 2080 1013 2145 Tiberium
1036 2080 1140 2145 Liviae
1167 2079 1239 2144 dolo

173 2205 211 2269 ab
245 2207 385 2290 Augusto
419 2205 593 2288 adoptatum
629 2228 691 2269 esse
704 2231 712 2282 ;
743 2205 872 2268 secundo
886 2208 910 2289 2)
934 2227 1004 2269 curn
1018 2228 1078 2289 ‚per
1100 2203 1240 2269 uxorium

173 2329 320 2394 ambitum
355 2328 556 2414 principatum
590 2329 731 2414 adeptum
767 2352 830 2393 csse
842 2357 851 2408 3
895 2329 984 2394 tertio
1005 2329 1032 2415 ³)
1067 2327 1239 2393 invenimus

173 2455 346 2539 Augustum
367 2453 499 2539 Agrippa
522 2454 663 2518 defuncto
675 2454 830 2518 'liberium
846 2455 990 2539 delegisse
995 2504 1005 2533 ,
1028 2477 1064 2518 uc
1087 2475 1239 2517 successor

173 2579 205 2641 in
223 2578 337 2641 incerto
353 2580 429 2641 foret
445 2586 476 2642 ot
487 2586 522 2643 ut
540 2601 647 2664 provee
658 2579 786 2643 aliorum
799 2602 865 2665 spes
876 2579 1117 2666 prohiberentur,
1129 2587 1236 2665 quarto

173 2703 338 2785 ‹leniqueu
364 2703 537 2786 Augustum
574 2702 756 2768 dubitavisse
789 2703 1003 2769 Germanicum
1033 2706 1077 2768 rei
1100 2705 1239 2790 publicnc

178 2827 331 2912 imponere
343 2827 394 2890 sul
406 2827 542 2911 precibus
556 2828 658 2891 uxoris
670 2828 799 2892 evictum
813 2827 966 2892 Tiberium
979 2830 1143 2914 odoptusse.
1166 2828 1241 2893 Sue·

172 2952 274 3015 tonius
293 2954 420 3015 affirmet
440 2951 515 3016 Gaio
535 2959 565 3016 et
584 2952 679 3017 Lucio
698 2950 847 3015 ‹leiunctis
863 2959 979 3016 certum
991 2953 1097 3028 fuisse,
1110 2951 1230 3016 Tiberio

173 3075 226 3138 uni
246 3099 329 3161 spem
352 3076 547 3140 successionis
568 3075 740 3140 incumbere
754 3077 796 3158 5);
821 3075 880 3139 elio
897 3076 963 3139 loco
977 3075 1049 3139 dicit
1062 3078 1238 3159 Augustum

173 3199 341 3277 dubitasse,
380 3207 483 3263 utrum
518 3200 672 3264 Tiberium
702 3223 740 3264 au
773 3199 984 3264 Germanicum
1023 3200 1185 3263 destinaret
1213 3203 1237 3277 ⁶)

207 3563 227 3625 ¹)
244 3563 305 3613 Tac.
329 3563 393 3612 Anu.
412 3564 463 3613 13.

206 3664 216 3695 ²
245 3663 303 3713 Tac.
323 3665 387 3713 Anu.
406 3666 416 3713 Ι
435 3664 457 3714 7.

206 3766 228 3828 ³)
246 3766 302 3814 Tac.
320 3767 385 3815 Anu.
403 3766 436 3815 iu
453 3766 493 3816 56.

205 3867 227 3929 ⁴)
244 3867 306 3916 Tac.
328 3867 392 3916 Anu.
413 3868 445 3916 IV
462 3867 506 3921 57.

204 3969 224 4029 5)
243 3968 311 4018 Suet.
329 3968 383 4018 Tib.
402 3969 441 4018 15.

205 4072 228 4137 ⁶)
245 4072 317 4121 Suet.
340 4072 390 4121 Cal.
409 4072 432 4125 t.
