2842 4920
688 435 728 499 83

220 649 469 737 algnotissimurn
482 658 661 735 quaesturae
670 649 863 714 candidatum
878 646 916 714 ob
931 656 1048 735 epotam
1060 646 1093 712 in
1105 647 1242 716 convivio

172 776 348 860 amphoram
372 775 565 839 nobilissimis
577 775 781 860 anteposuit”.
809 775 914 854 Quum
926 798 1008 838 more
1022 797 1076 837 suo
1089 775 1241 838 hominem

173 923 286 964 novum
310 900 466 983 elegisset,
490 899 640 963 calumnia
662 898 755 963 talem
779 895 899 963 causam
920 901 1017 966 finxit.

220 1024 355 1087 aAsellio
378 1023 488 1087 Sabino
511 1024 647 1087 sestertia
667 1023 929 1089 ducentadonavit
940 1046 993 1110 pro
1007 1024 1158 1109 dialogo'’.
1183 1024 1242 1088 Hic

172 1151 262 1215 etiarn
297 1173 400 1213 rumor
433 1155 480 1212 est
503 1172 565 1212 non
587 1150 750 1212 admodum
775 1150 838 1214 veri
862 1150 986 1229 similis,
1009 1150 1081 1234 quia
1103 1148 1242 1213 'liberius

171 1298 278 1360 parcus
301 1273 413 1362 eraa1).

216 1398 288 1482 Cap.
312 1402 365 1474 43,
391 1402 442 1462 44.
472 1397 649 1483 Complures
661 1420 795 1461 rumores
807 1399 905 1479 iniis,
927 1421 1004 1483 quae
1016 1399 1052 1462 de
1064 1398 1242 1463 libidinibus

171 1529 348 1600 narrantur,
378 1530 550 1587 occurrunt.

216 1646 287 1732 Cap.
314 1645 364 1711 57.
388 1646 564 1710 Theodorus
584 1647 739 1711 Tiberium
752 1647 913 1732 aliqnando
925 1648 1105 1734 appellavit:
1129 1649 1241 1724 'sautia

176 1769 287 1849 αἵματι
323 1771 565 1852 πεφυραμένον.”
601 1772 702 1851 Quam
736 1795 846 1856 vagum
881 1779 912 1836 et
941 1773 1088 1837 incertum
1114 1781 1159 1836 est
1182 1773 1241 1836 tale

172 1895 303 1960 dictum!

219 2021 396 2097 (sucurram,
420 2021 473 2105 qui
494 2028 701 2104 praetereunte
723 2022 1048 2085 funereclaremortuo
1069 2021 1240 2100 mandant,

171 2153 207 2208 ut
240 2145 394 2209 nuntiaret
428 2147 586 2230 Augusto,
622 2150 748 2211 arcadum
782 2147 866 2212 reddi
900 2149 1016 2227 tepula,
1051 2171 1125 2232 qaue
1141 2149 1242 2229 plebel

170 2269 351 2353 reliquisset,
387 2276 548 2334 attractum
581 2270 619 2334 ad
654 2294 685 2335 se
717 2272 847 2356 recipere
881 2271 1017 2336 debitum
1052 2272 1182 2356 ducique
1204 2273 1241 2337 ad

171 2393 352 2479 supplicium
385 2394 560 2479 imperavit,
596 2403 626 2459 et
659 2397 737 2480 patri
768 2419 822 2458 suo
856 2418 961 2460 verum
985 2397 1125 2460 reterre.”
1151 2395 1242 2475 Quod

170 2525 271 2582 tamen
305 2517 432 2582 dubium
464 2526 525 2599 est,
560 2521 632 2603 quia
659 2520 787 2605 legimus
817 2519 972 2584 Tiberium
994 2520 1082 2583 initio
1107 2520 1239 2599 cavisse,

170 2641 304 2726 nequid
327 2642 359 2707 in
384 2643 519 2706 novitate
541 2642 676 2707 acerbius
700 2645 827 2723 floreae.

215 2766 285 2852 Cap.
313 2772 363 2833 59.
389 2767 501 2831 Versus
525 2768 647 2852 quidam
667 2768 849 2847 ostendunt,
872 2768 973 2852 qualia
985 2790 1071 2853 saepe
1083 2767 1115 2831 in
1127 2767 1237 2832 libellis

170 2891 290 2954 famosis
313 2896 520 2966 occurrerent,
545 2891 595 2954 sed
618 2891 695 2955 nihil
718 2899 822 2956 contra
845 2891 1001 2955 Tiberium
1026 2892 1137 2956 valent.

215 3016 287 3101 Cap.
312 3019 363 3081 62.
388 3016 535 3080 Rumores
559 3015 596 3079 de
618 3016 793 3080 crudelitate
816 3016 936 3101 Capreis
959 3018 1036 3080 facta
1056 3016 1119 3081 veri
1143 3016 1240 3080 simile

171 3148 215 3204 est
237 3148 318 3204 ortos
341 3163 404 3204 csse
427 3164 465 3204 ex
486 3139 681 3225 inquisitione
704 3139 845 3222 Liuillae,
870 3140 906 3204 de
929 3162 989 3224 qua
1009 3140 1171 3205 Suetonius
1183 3140 1241 3203 hoc

172 3267 268 3352 capite
292 3266 364 3352 agit.

214 3389 352 3454 Tiberius
377 3388 553 3454 credebatur
571 3389 621 3454 vix
634 3389 710 3454 Gaio
724 3397 754 3454 et
764 3388 885 3454 liberio
897 3389 1000 3475 nepoti
1012 3411 1153 3473 parsurus
1166 3410 1238 3452 esse.

172 3513 261 3577 Nihil
283 3514 361 3578 hanc
384 3514 589 3600 suspicionem
612 3486 786 3579 confirmat..

215 3639 285 3725 Cap.
316 3642 365 3706 75.
390 3639 591 3704 Exclamatio:
620 3637 791 3702 aliberium
812 3638 845 3701 in
863 3637 1027 3717 llberim'’,
1055 3635 1106 3699 eui
1128 3657 1241 3698 nomen

171 3763 262 3826 etiam
304 3764 436 3828 multum
471 3762 670 3828 contribuisse
710 3761 845 3843 videtur,
888 3784 950 3825 non
980 3768 1026 3826 est
1071 3759 1240 3825 adhibenda

206 4058 226 4119 ¹)
244 4057 313 4107 Suet.
331 4059 384 4107 Tib.
401 4056 448 4117 le,
467 4058 518 4109 Cal.
535 4057 577 4109 17.

205 4160 228 4225 l)
245 4160 319 4211 Suet.
341 4161 398 4211 Tib.
421 4160 464 4212 25.
