2842 4920
684 365 748 430 110

221 578 375 644 Praeclara
387 579 472 644 >ratio
495 580 608 645 liberii
630 578 826 644 continuandi
845 578 969 664 imperia
979 585 1101 666 propter
1111 578 1245 665 inopiam

175 725 380 769 successorum
411 703 574 768 neccssaria
597 704 688 767 fuisse
722 702 832 767 dicitur
845 705 879 787 1).
904 702 936 766 Si
960 702 1053 767 Dioni
1075 702 1132 767 hac
1154 703 1242 771 inre

175 829 264 893 fidem
276 829 458 908 tribuamus,
481 829 569 915 pauci
581 828 813 912 superfuissent,
837 849 912 912 quos
924 826 1062 912 Caligula
1076 827 1245 922 interficere

176 961 283 1038 posset.
308 953 410 1026 Etiam
433 951 483 1015 hic
506 951 566 1014 Dio
589 950 690 1016 studio
713 951 813 1016 omnia
835 951 868 1016 in
892 952 979 1037 pejus
1001 950 1131 1036 augendi
1149 951 1244 1016 risum

177 1099 246 1141 mov
263 1083 285 1142 t.

219 1201 330 1266 LVIII
354 1206 405 1265 24.
431 1201 529 1265 Nemo
551 1225 569 1266 a
590 1200 710 1264 Tiberio
733 1199 887 1266 absolutus
910 1223 973 1266 esse
996 1199 1122 1278 dicitur,
1157 1200 1238 1285 quod

176 1326 343 1411 complures
366 1326 426 1390 loci
447 1326 544 1390 Taciti
566 1328 700 1390 refutant
712 1327 734 1390 2.

220 1449 299 1514 Vera
332 1473 420 1515 causa
453 1450 651 1515 accusationis
683 1450 786 1515 Scauri
820 1449 924 1515 odium
947 1451 1098 1515 Macronis
1122 1452 1242 1536 eratss),

175 1598 269 1660 quum
303 1575 362 1638 Dio
396 1575 476 1639 dicat
510 1598 579 1639 eum
615 1584 786 1640 accusatum
821 1598 883 1640 esse
914 1584 1035 1662 propter
1058 1576 1190 1641 carmina
1212 1581 1244 1638 et

172 1701 322 1764 incestum
344 1699 480 1765 Liuillae.

221 1823 322 1906 ssQuia
333 1823 486 1908 tragoedia
500 1822 668 1904 ῃἈτρεύς”
676 1823 714 1889 ab
726 1846 761 1888 eo
773 1827 907 1888 confecta
919 1831 992 1904 erat,
1004 1824 1118 1889 dictum
1129 1823 1243 1889 liberii

175 1956 247 2013 erat:
264 1949 364 2013 ullum
375 1948 499 2034 Ajacem
512 1948 655 2012 reddam”
665 1947 693 2013 ”.
709 1947 791 2028 Quid
803 1949 914 2013 Atreus
926 1969 997 2015 cum
1011 1948 1120 2034 Ajace?
1132 1948 1242 2012 Lmen-

176 2072 308 2138 dandum
328 2081 389 2137 est:
417 2072 630 2153 ,J'Arpcllaq’2
656 2096 725 2138 nam
746 2075 956 2159 Agamemnon
978 2079 1138 2138 rectecum
1149 2071 1243 2158 Ajace

175 2197 366 2283 componitur
381 2200 417 2282 4).
529 2270 532 2277 ,

218 2322 334 2386 Multos
358 2322 395 2386 ob
408 2308 562 2388 'Liuillam
584 2323 756 2388 interfectos
779 2344 842 2386 esse
865 2344 919 2386 nec
931 2321 993 2386 veri
1009 2321 1106 2386 simile
1117 2328 1171 2403 cst,
1185 2343 1240 2386 nec

177 2449 215 2514 ab
237 2449 304 2513 aliis
326 2449 465 2515 traditur.

218 2573 332 2642 LVIII
368 2577 417 2638 25.
453 2575 610 2660 Poppaeus
643 2573 771 2638 Sabinus
794 2573 909 2658 Mysiae
935 2572 1098 2659 praefuisse
1120 2570 1249 2651 diciturjl

174 2721 269 2783 quum
289 2699 441 2783 superiore
465 2697 562 2784 capite
585 2700 751 2783 praefectus
768 2697 923 2782 Poppaeus
944 2695 1045 2762 Labeo
1064 2696 1238 2781 appelletur.

218 2822 330 2888 LVIII
353 2826 405 2890 27.
430 2823 489 2888 Dio
512 2829 668 2908 tantopere
690 2821 826 2910 prodigia
849 2829 1033 2907 aucupatur,
1058 2828 1093 2885 ut
1106 2820 1240 2907 phoeni-

134 2988 137 2993 ·
174 2970 255 3026 cem,
287 2948 349 3033 jam
385 2948 500 3033 aliquot
535 2947 621 3012 annis
654 2954 723 3012 ante
759 2947 870 3026 visam,
898 2946 959 3010 huc
982 2946 1086 3011 afferat
1110 2953 1140 3015 et
1162 2945 1242 3010 inter

173 3071 309 3157 prodigia
332 3073 368 3136 dc
390 3071 504 3137 Tiberii
525 3080 620 3137 morte
643 3079 806 3137 enumeret.
854 3138 856 3145 ,
921 3123 923 3128 .

217 3197 355 3262 Tiberius
378 3220 439 3261 non
461 3198 554 3262 iratus
578 3198 669 3262 fuisse
692 3197 807 3262 senatui
832 3196 959 3277 dicitur,
983 3217 1078 3280 quum
1101 3195 1240 3260 condem·

171 3320 326 3386 nationem
346 3342 465 3385 reorum
487 3321 651 3404 rejicerent.
678 3320 870 3386 Contrarium
893 3319 1055 3384 Suetonius
1078 3319 1163 3384 docet
1177 3321 1209 3398 ⁵).

217 3445 370 3510 Nonnulli
403 3444 445 3510 rei
480 3453 575 3510 morte
608 3445 720 3510 liberii
754 3446 882 3509 salutem
913 3445 1063 3510 invenisse
1086 3445 1236 3546 dicuntur.

175 3619 364 3627 ——-——-—-

208 3687 229 3752 ¹)
246 3687 279 3738 Cf
293 3687 355 3738 Tae.
378 3687 448 3739 Ann.
470 3686 538 3738 180.

204 3789 225 3853 ²)
243 3789 300 3840 Tac.
326 3790 395 3840 Ann.
417 3791 449 3841 VI
466 3788 510 3855 15,
528 3792 560 3842 VI
578 3787 622 3842 36.

206 3892 228 3956 ⁸)
246 3892 304 3943 Tac.
322 3892 389 3943 Anu.
407 3894 440 3944 vl
456 3892 496 3944 35.
913 3950 917 3961 ¹
1119 3949 1122 3958 ,

206 3994 229 4058 ⁴)
245 3993 409 4045 Jahrhiieher
426 3995 469 4044 fiir
485 3995 559 4045 klass.
577 3994 721 4063 Philologie.
739 3993 814 4047 1861.
831 4011 855 4060 p.
872 3993 930 4046 573.
1032 4019 1035 4027 ·

208 4096 230 4162 l)
247 4096 315 4147 Suet.
334 4096 392 4148 Tib.
415 4096 455 4148 73.
