2842 4920
696 378 757 440 105

182 611 278 652 uuum
301 612 364 653 esse
386 589 428 653 rei
451 590 590 675 publicae
613 591 742 676 co1pus’'
772 630 803 638 -
835 589 884 666 ,γού
909 590 1014 668 μέντοι
1037 589 1152 671 καὶτῷ
1176 589 1251 672 ἔργῳ

182 712 380 781 ἕτιθασευεν”.
404 716 487 779 Tac:
515 738 589 792 nnec
612 717 680 781 ideo
703 717 779 781 iram
803 718 866 802 ejus
889 715 1029 781 lenivit''.

224 839 318 904 LVII
353 842 380 905 5.
417 840 537 925 Aliquis
568 841 746 905 Germanico
775 841 910 927 gladium
933 840 1001 922 dat,
1026 863 1120 926 quum
1146 840 1247 905 dieat:

184 967 287 1038 ῃτοῦτο
309 964 369 1045 γαρ
392 962 523 1045 ὀξύτερόν
547 966 635 1030 ἐστιν.
660 964 729 1029 Tac.
755 967 835 1029 Anu.
862 965 951 1029 135:
978 965 1113 1040 ,faentior
1138 965 1213 1031 est”.

225 1090 318 1155 LVII
342 1093 392 1156 la.
420 1089 546 1164 ,πολλοὶ
568 1091 625 1169 μὲν
644 1090 761 1172 μητέρα
784 1092 875 1165 αὐτὴν
897 1100 950 1166 τῆς
970 1090 1120 1173 πατρίδος
1143 1092 1249 1168 πολλοὶ

181 1216 213 1279 δὲ
248 1213 299 1279 καὶ
328 1215 418 1294 γονέα
440 1214 702 1296 προςαγορεύεσθαι
725 1216 843 1294 γνώμην
867 1215 987 1280 ἔδωκαν.
1013 1216 1101 1282 ἄλλα
1124 1218 1176 1282 καὶ
1202 1219 1251 1283 τὸν
1298 1300 1301 1305 Ι

180 1340 317 1422 Τιβέριον
339 1342 396 1405 ἀπ’
409 1341 501 1416 αὐτῆς
525 1341 733 1404 ἐπικαλεῖσθαι
757 1340 972 1422 ἐσηγήσαντο.”
988 1342 1056 1407 Tac.
1069 1344 1152 1406 Anu.
1166 1342 1183 1405 Ι
1196 1345 1248 1408 l4.

181 1466 252 1531 ..alii
286 1473 456 1550 parentem,
490 1465 542 1528 alii
567 1472 692 1529 matrem
716 1465 829 1550 patriae
852 1466 1078 1551 appellandam,
1113 1467 1249 1553 plerique

179 1599 214 1656 ut
247 1590 363 1654 nomiui
392 1589 526 1655 Caesaris
550 1588 785 1669 adscriberetur,
805 1590 905 1654 Iuliae
928 1591 1008 1654 fflius
1031 1590 1247 1671 ‚,oensebant'’.

178 1717 304 1802 Propter
327 1715 445 1780 Liviam
460 1714 598 1779 Tiberius
625 1715 753 1800 Capreas
779 1737 810 1779 se
832 1715 995 1779 contulisse
1014 1716 1140 1801 dicitur,
1163 1716 1244 1802 quod

179 1841 260 1906 idem
281 1841 404 1905 Tacitus
426 1841 507 1906 Anu.
533 1840 580 1903 IV
605 1843 644 1906 57
669 1840 750 1905 dicit.

223 1966 317 2030 LVII
356 1969 407 2031 17.
444 1966 610 2049 Postquam
642 1964 799 2030 Tiberium
832 1964 922 2030 urbes
956 1965 1046 2030 Asiae
1079 1964 1246 2028 restituisse

177 2091 313 2168 tradidit,
337 2090 397 2154 Dio
420 2089 502 2153 addit
525 2112 594 2152 eum
618 2089 798 2154 hereditates
821 2114 882 2153 non
904 2090 1008 2153 adisse.
1034 2090 1120 2170 Quae
1143 2087 1248 2151 eodem

178 2215 267 2279 modo
288 2215 448 2300 conjuncta
453 2263 463 2293 ,
491 2214 570 2299 apud
592 2213 730 2278 Tacitum
753 2215 835 2280 Ano.
860 2215 896 2278 II
919 2216 981 2293 47,
1005 2215 1046 2276 48
1071 2219 1242 2276 occurrunt.

221 2339 314 2403 LVII
350 2342 400 2403 19.
433 2337 532 2402 Verba
554 2339 665 2403 Iiberii
696 2338 733 2404 ad
756 2338 901 2404 Galbam:
943 2338 1014 2414 γκαὶ
1038 2337 1072 2403 σύ
1097 2361 1171 2402 ποτε
1194 2346 1247 2413 τῆς

178 2463 338 2542 ἡγεμονίας
364 2461 466 2544 γεύσγ.
506 2464 574 2527 Tac.
611 2464 692 2529 Anu.
729 2464 775 2527 VI
812 2468 871 2528 26:
914 2471 964 2540 net
998 2472 1034 2529 tu
1068 2463 1246 2549 quandoque

176 2587 348 2675 degustabis
369 2586 562 2673 imparium'.
587 2580 673 2669 Quae
695 2587 786 2653 verba
808 2589 970 2653 Suetonius
991 2589 1025 2652 in
1047 2588 1106 2653 vita
1131 2585 1246 2651 Galbae

177 2737 240 2800 cap.
264 2717 293 2779 4.
319 2714 459 2797 Augusto
481 2711 600 2779 tribuit.

221 2839 313 2904 LVII
345 2841 396 2903 19.
439 2836 506 2911 τοὺς
537 2838 646 2919 λόχους
684 2841 715 2912 ἐς
749 2838 779 2904 ἕν
812 2848 917 2920 τεῖχος
951 2842 1134 2923 συνήγαγεν,
1170 2834 1246 2901 ὥστε

176 2965 217 3031 τα
251 2963 511 3046 παραγγέλματα
545 2963 596 3028 καὶ
623 2964 738 3045 ἀθρόους
760 2965 812 3030 καὶ
834 2966 886 3030 δαὶ
909 2965 1031 3045 ταχέαν
1054 2963 1246 3043 λαμβάνειν

176 3090 227 3154 καὶ
259 3088 404 3171 φοβεροὺς
436 3092 528 3154 πᾶσιν
551 3087 608 3154 αἵτε
631 3090 683 3154 καὶ
706 3092 735 3155 ἐν
759 3090 799 3155 ἑνὶ
821 3090 921 3172 τείχει
945 3092 1031 3164 ὄντας
1056 3086 1140 3155 εἶναι.
1175 3092 1243 3157 Tac.

175 3217 257 3282 Anu.
292 3216 339 3279 IV
365 3221 402 3280 3:
441 3216 606 3301 ''dispersas
636 3239 688 3302 per
719 3216 826 3282 urbem
851 3217 988 3284 cohortes
1003 3206 1072 3282 'una
1093 3218 1126 3281 in
1149 3225 1242 3282 eastra

174 3339 385 3418 conducendo,
420 3347 454 3404 ut
489 3341 581 3405 simul
614 3341 740 3426 imperia
775 3343 958 3428 acciperent,
993 3365 1178 3427 numeroque
1215 3351 1245 3406 et

174 3465 278 3531 robore
300 3474 331 3531 et
342 3466 409 3532 visu
420 3465 498 3530 iuter
518 3489 549 3530 se
568 3466 677 3531 fiducia
696 3468 782 3554 ipsis,
795 3469 829 3533 in
840 3476 953 3534 ceteros
965 3475 1064 3532 metus
1076 3466 1241 3530 oreretur.''

217 3591 312 3655 LVII
336 3595 387 3657 24.
414 3589 549 3676 aScripta
571 3589 682 3656 abolita
705 3613 739 3655 eo
762 3592 856 3676 magis
869 3592 1010 3671 florent’',
1023 3591 1138 3655 utTac.
1159 3591 1239 3655 Anu.

174 3714 222 3778 IV
247 3716 298 3779 35.

218 3838 328 3903 LVIII
350 3844 381 3905 4.
406 3841 529 3926 Sejanus
553 3847 634 3905 erat:
661 3840 807 3915 γκανωαὸς
824 3840 999 3921 &poweldon
1021 3842 1145 3908 -Taa
1159 3841 1239 3906 Ann.

173 3963 221 4027 IV
246 3969 275 4030 2.
309 3964 427 4040 ..socius
449 3963 619 4030 laborum.”

220 4087 331 4152 LVIII
356 4092 406 4156 17.
433 4088 703 4170 ,προχειρίσασθαί
723 4113 757 4153 τε
780 4089 840 4171 γαρ
863 4091 951 4157 αὐτὸν
974 4089 1054 4166 ὅσους
1073 4089 1243 4174 ἂνέθελήσγ
