2842 4920
691 368 730 429 al

178 580 310 665 pendet
323 578 390 641 Hoc
413 602 483 643 vero
507 586 623 643 constat
645 579 823 643 Suetonium
834 579 948 644 Tiberii
969 551 1192 646 commentariis
1206 585 1245 661 1),

177 704 314 767 Tacitum
337 703 521 788 Agrippinae
535 705 561 791 ²)
585 728 673 767 usum
696 727 768 770 esse.

223 828 380 892 Praeterea
412 829 474 891 illis
509 828 708 914 suppetebant
742 829 839 894 libelli
869 832 992 911 famosi,
1025 830 1135 914 quibus
1169 831 1245 895 nihil

177 953 372 1038 perniciosius
392 960 456 1017 erat
474 953 511 1017 ad
523 953 681 1018 veritatem
693 953 951 1039 corrumpendam.
964 954 1169 1021 Continebant
1180 957 1245 1021 sine

178 1077 271 1141 dubio
305 1077 388 1163 jocos
426 1077 564 1158 acerbos,
601 1079 718 1143 odiosos
751 1103 886 1144 rumores
922 1088 952 1144 et
988 1079 1141 1145 mendacia
1176 1081 1245 1145 ficta

177 1202 214 1268 ab
245 1203 297 1282 iis,
327 1204 380 1288 qui
410 1203 552 1288 injuriam
578 1205 725 1290 accepisse
755 1205 813 1269 sibi
835 1203 1021 1276 videbantur.
1050 1205 1082 1268 Si
1107 1207 1244 1293 exemplo

177 1350 214 1390 ex
259 1334 362 1391 nostro
411 1329 528 1392 saeculo
574 1329 668 1414 petito
717 1313 894 1414 inspicimus
931 1327 1050 1393 libellos
1093 1333 1243 1410 famosos,

176 1451 230 1535 qui
260 1451 350 1515 hodie
378 1453 570 1537 evulgantur,
597 1454 666 1539 jure
688 1453 828 1538 colligere
852 1476 1010 1538 possumus
1032 1439 1189 1518 veritatem
1211 1455 1244 1519 in

176 1577 213 1640 iis
235 1600 295 1640 non
318 1577 465 1656 inveniri,
489 1600 583 1662 quum
605 1578 778 1664 praesertim
800 1579 931 1663 populus
954 1577 1108 1642 Romanus
1127 1601 1245 1664 semper

176 1723 355 1786 magnopere
386 1701 433 1765 his
460 1702 549 1766 rebus
572 1703 743 1786 indulgeret
765 1710 796 1767 et
818 1703 926 1788 cupide
950 1725 1053 1767 omnes
1076 1704 1243 1768 occasiones

171 1824 294 1910 jocandi
316 1826 364 1890 vol
388 1827 482 1890 alium
506 1826 638 1891 dicteriis
661 1827 878 1912 perstringendi
900 1829 1052 1914 arriperet.

219 1949 321 2013 Etiam
344 1951 509 2028 nonnulla,
537 1975 613 2034 quae
635 1950 724 2014 fando
748 1952 943 2030 audiverant,
965 1953 1088 2017 Tacitus
1110 1962 1141 2019 et
1164 1955 1238 2020 Sue·

175 2074 277 2138 tonius
299 2075 332 2138 in
359 2097 448 2159 opera
467 2098 521 2138 sua
540 2074 670 2152 inserere
680 2082 855 2160 potuerunt.
880 2076 929 2140 Ita
941 2075 995 2140 ubi
1009 2083 1136 2140 mortem
1149 2078 1243 2142 Drusi

175 2206 397 2283 commemoret,
427 2200 552 2264 Tacitus
579 2199 653 2263 dicit
681 2222 832 2263 rumorem
866 2200 1016 2284 quendam
1049 2203 1141 2265 etiam
1175 2210 1240 2266 tum

179 2322 309 2408 viguisse
326 2326 350 2403 ³)
374 2331 404 2388 et
425 2325 458 2389 in
480 2348 585 2389 causae
608 2324 726 2388 Pisonis
749 2324 947 2410 descriptione
965 2332 1065 2390 namet
1084 2327 1241 2410 quiddam,

175 2449 255 2532 quod
275 2471 306 2512 se
328 2473 346 2512 a
363 2447 530 2512 senioribus
550 2448 653 2512 audire
679 2449 831 2513 meminit4
843 2452 863 2532 ).
889 2448 1006 2513 Harum
1027 2452 1241 2514 auctoritatum

174 2572 327 2637 levitatem
351 2596 412 2637 non
432 2596 511 2658 opus
534 2581 579 2637 est
601 2596 649 2636 me
672 2547 886 2640 demonstrare.

219 2699 429 2783 Quamquam,
450 2721 545 2783 quum
560 2698 636 2768 tales
653 2701 750 2763 fontes
762 2699 810 2762 his
822 2698 1017 2784 scriptoribus
1029 2705 1240 2784 suppeterent,

175 2845 235 2886 non
269 2823 355 2888 facile
386 2831 450 2887 erat
473 2825 573 2887 omnia
597 2847 634 2886 ex
657 2846 727 2888 vero
758 2822 906 2901 seribere,
926 2830 1028 2887 tamen
1051 2823 1142 2887 etiam
1164 2823 1240 2887 aliae

175 2969 279 3011 causae
313 2948 494 3027 extiterunt,
524 2937 635 3032 quibus
669 2947 812 3011 historiae
842 2955 1084 3032 corrumperetur
1105 2969 1240 3032 quaeque

174 3094 234 3136 non
247 3072 347 3136 nunus
358 3071 489 3137 voluisse
501 3072 644 3145 videntur
655 3072 692 3135 ad
704 3071 817 3135 Tiberii
827 3071 989 3156 imaginem
1003 3070 1236 3135 deformandam.

174 3195 289 3259 Verum
298 3196 360 3280 jam
371 3196 451 3280 ipsos
464 3196 623 3280 scriptores
634 3216 807 3281 percurrere
818 3196 850 3259 in
863 3195 963 3271 animo
979 3202 1035 3275 est,
1048 3194 1101 3258 ubi
1113 3193 1239 3287 facultas

173 3319 293 3383 dabitur
315 3320 389 3384 vitia
412 3322 625 3402 enumerandi,
648 3321 758 3407 quibus
785 3321 898 3405 singuli
921 3321 1069 3386 laborant.

209 3549 229 3612 ¹)
246 3551 292 3599 Dio
310 3551 353 3600 LX
369 3550 413 3600 10.

206 3651 228 3715 ²)
245 3651 305 3703 Tac.
321 3652 386 3702 Ann.
404 3654 436 3702 IV
454 3653 494 3703 53.

206 3753 228 3815 ³)
273 3771 285 3801 n
341 3772 352 3801 n
405 3755 437 3805 IV
454 3753 498 3804 10.

207 3853 229 3923 ⁴)
273 3871 285 3902 a
340 3873 352 3906 a
404 3855 499 3906 11116.
