2842 4920
687 391 748 452 132

173 604 297 689 posthac
330 611 504 690 paterentur
537 605 569 668 in
600 608 664 668 foro
698 603 857 668 circaue
894 603 951 666 nisi
981 602 1086 689 positis
1116 601 1242 667 lacernis

173 744 311 822 togatum
335 739 503 804 consistere.

218 871 394 956 Legendum
417 880 478 936 est:
503 872 674 937 circove.

688 1068 726 1132 V.

219 1235 300 1303 Suet.
337 1237 400 1302 Oal.
437 1240 490 1302 47.
530 1237 654 1322 Scripsit
687 1231 718 1301 et
751 1237 1010 1323 procuratoribus,
1052 1237 1241 1322 triumphum

174 1369 351 1447 appararent
383 1384 474 1446 qua-m
508 1361 632 1425 minimo
667 1384 799 1440 summu,
837 1363 888 1426 sed
923 1369 1054 1448 quantus
1077 1385 1242 1448 numquam

174 1494 252 1559 alius
274 1494 395 1573 suisset,
419 1496 539 1579 quando
562 1496 596 1560 in
618 1497 754 1560 omnium
766 1496 924 1561 hominum
937 1496 1017 1562 bona
1025 1498 1074 1583 jus
1085 1496 1239 1561 haberent.

218 1633 299 1696 Ante
323 1633 455 1717 »quam'’
481 1633 673 1698 inserendum
695 1639 741 1698 est
766 1655 829 1706 uno
842 1632 892 1697 n”.

219 1988 300 2053 Suet.
337 1988 410 2054 Ner.
438 1994 488 2054 34.
514 1990 662 2068 Matrem,
694 1977 772 2065 fucta
794 1981 933 2075 dictoque
957 2013 1010 2054 sua
1035 1975 1242 2074 exquirentem

175 2122 310 2188 acerbius
333 2131 363 2188 et
386 2125 660 2208 corrigentem
682 2125 873 2208 gravabatur.

220 2255 396 2340 Legendum
419 2265 479 2321 est:
503 2259 806 2345 corripientem.

674 2471 749 2536 VII.

175 2703 177 2706 y
220 2630 302 2694 Suet.
327 2630 401 2694 Ner.
428 2634 477 2695 31.
502 2631 691 2697 Accersitam·
710 2631 868 2695 mulierem
897 2631 927 2714 (i.
954 2656 978 2698 e.
1002 2632 1242 2712 Locustamtsuu
1323 2660 1326 2665 ·

176 2784 267 2826 manu
290 2761 458 2827 verberavit
480 2786 625 2848 arguens,
647 2786 718 2849 pro
750 2787 902 2828 veneno
926 2765 1091 2830 remedium
1113 2765 1239 2830 dedisse.

219 2895 449 2961 Emendsndum
471 2906 533 2964 est:
558 2904 649 2983 post
682 2920 877 2964 venenum.

658 3111 752 3176 VIII.

220 3249 301 3316 Suet.
338 3250 426 3316 Galb.
454 3255 504 3317 10.
529 3253 820 3338 Eprimoribus...
845 3251 958 3319 velut
981 3254 1109 3320 instar
1131 3279 1237 3321 seno-

174 3391 303 3455 tus...
328 3385 472 3450 instituit.
587 3406 591 3412 ·

219 3516 394 3602 Legendum
419 3527 481 3584 est:
506 3520 730 3585 concilium
757 3521 888 3585 instar
916 3528 1090 3589 senatus.

680 3690 737 3756 IX.

220 3846 303 3911 Suet.
339 3848 430 3934 Vesp.
471 3853 499 3913 5.
535 3849 635 3914 Arbor
669 3873 789 3935 quoque
824 3874 982 3938 cupressus
1011 3853 1044 3916 in
1067 3847 1137 3938 agro
1160 3853 1240 3918 avito

175 3978 265 4043 sine
297 3980 380 4042 ullu
402 3981 433 4046 vi
456 3984 641 4068 tempestatis
665 3982 779 4048 evulso.

219 4113 266 4180 Ex
289 4113 386 4181 Dione
409 4114 531 4205 (LXVI
554 4118 585 4194 1)
609 4123 692 4200 patet
714 4117 874 4201 legendnm
901 4141 964 4183 csse
986 4142 1133 4184 summa
1154 4118 1194 4184 vi.
