2842 4920
684 382 747 446 108

172 596 296 660 Tacitus
329 604 433 661 contra
472 594 596 660 tradidit
627 618 697 659 eum
730 595 838 681 Sejano
872 594 1012 680 injuriam
1046 594 1187 660 intulisse
1199 595 1238 682 ⁷),

173 720 255 805 quod
289 721 385 784 multo
419 720 513 805 magis
545 720 608 785 reri
641 720 769 806 speeiem
798 718 1019 805 praesefert,
1044 720 1070 783 si
1092 718 1185 784 Drusi
1207 728 1240 785 ot

175 845 275 930 Sejani
293 868 389 911 mores
412 853 590 931 spectamus.

218 969 286 1034 Hoc
307 970 403 1055 capite
426 970 485 1034 Dio
507 969 716 1055 praeferendus
741 969 885 1034 Suetonio
896 976 928 1034 et
938 969 1042 1034 Tacito
1054 969 1093 1034 ob
1104 992 1239 1054 aequum
1291 1046 1294 1050 ¹

170 1095 336 1182 judicium3
372 1118 432 1159 non
462 1102 580 1160 accusat
602 1095 778 1173 Tiberium,
807 1095 888 1180 quod
915 1117 977 1158 non
999 1094 1098 1181 palam
1119 1094 1239 1159 luctum

174 1219 336 1285 ostenderit
358 1221 390 1285 in
414 1227 510 1285 morte
532 1220 640 1298 Drusi,
664 1243 762 1306 neque
782 1227 870 1307 putat
894 1243 964 1285 eum
987 1221 1084 1284 filium
1096 1219 1193 1284 odisse
1203 1222 1238 1305 ¹).

220 1345 345 1422 „Aelius
368 1345 548 1409 Saturninus
571 1345 610 1410 ob
632 1346 764 1410 carmine
787 1369 824 1410 ex
846 1344 995 1431 Capitolio
1008 1343 1143 1431 dejectus
1156 1343 1234 1410 est’'.

175 1472 261 1535 Duae
284 1478 356 1534 sunt
378 1494 497 1550 causae,
520 1494 597 1556 quae
616 1472 694 1536 hano
704 1494 767 1536 rem
778 1472 811 1536 in
824 1470 951 1536 dubium
959 1479 1069 1537 vocant
1075 1521 1085 1552 ,
1105 1479 1136 1536 et
1158 1471 1240 1557 quod

175 1597 337 1662 Suetonius
357 1597 465 1661 talium
489 1598 695 1661 narrationum
710 1604 852 1681 appetens
874 1604 954 1661 tacet
966 1602 997 1660 et
1008 1595 1088 1680 quod
1100 1593 1239 1660 Tiberius

174 1721 207 1785 in
226 1721 290 1805 ejus
310 1720 389 1784 modi
408 1720 497 1785 robus
515 1721 751 1806 patientissimus
770 1721 836 1786 fuit.
858 1720 943 1785 Haec
954 1721 1104 1786 accusatio
1117 1743 1238 1805 quoque

173 1844 370 1932 invoniturin
380 1867 469 1910 cansa
479 1845 625 1910 Cremutii
636 1844 728 1909 Cordi
739 1853 771 1909 et
781 1845 927 1909 Mamerci
938 1844 1051 1923 Scauri,
1059 1844 1112 1930 qui
1123 1851 1240 1923 tamen,

174 1971 255 2056 quod
272 1970 376 2035 odium
395 1970 495 2056 Sejani
506 1977 536 2035 et
547 1970 697 2034 Macronis
708 1970 892 2050 irritassent,
917 1971 1106 2036 condemnati
1117 1976 1190 2034 sunt
1202 1971 1238 2048 ⁵¹).

219 2095 310 2161 LVII
346 2099 396 2159 23.
421 2094 596 2159 Ridiculum
619 2101 664 2160 est
686 2094 841 2159 Tiberium
864 2094 1020 2159 maledicta
1041 2093 1180 2174 finxisse,
1203 2100 1240 2159 ut

174 2221 262 2285 irasci
283 2227 392 2306 posset.

221 2345 327 2432 Capito
361 2345 576 2410 condemnatus
599 2368 664 2410 esse
691 2345 810 2410 dicitur.
845 2345 1079 2410 Admonendum
1101 2351 1147 2408 est
1165 2343 1241 2408 duos

176 2472 267 2536 fuisse
286 2471 460 2557 Capitones,
484 2493 615 2556 quorum
634 2472 709 2536 alter
730 2471 886 2537 absolutus
908 2471 1000 2548 estu.

220 2596 333 2661 LVIII
358 2598 386 2659 1.
407 2596 454 2660 De
476 2619 565 2662 causa
587 2595 691 2662 Sabini
714 2597 762 2682 ogi
784 2595 822 2662 ad
841 2597 911 2663 Tac.
932 2598 1012 2661 Anu.
1039 2595 1085 2659 IV
1109 2598 1159 2660 68.

221 2718 333 2785 LVIII
357 2724 386 2786 3.
410 2720 478 2785 Hoc
501 2727 591 2806 caput
602 2721 791 2786 luculentum
805 2722 977 2808 exemplum
987 2721 1110 2786 exbibet
1116 2770 1126 2801 ,
1149 2744 1241 2806 quam

175 2846 321 2913 ridiculus
344 2871 431 2933 saepe
453 2848 513 2913 Dio
532 2849 572 2914 sit
584 2856 615 2913 et
627 2872 687 2934 quo
699 2849 787 2913 modo
800 2848 901 2913 omnia
913 2855 1089 2933 exaggeret:
1115 2846 1241 2933 Sejanus

176 2995 279 3037 omnes
301 2972 449 3037 nobilium
473 2975 598 3039 feminas
620 2973 781 3038 incestasse
804 2973 923 3043 dicitnr.

220 3096 333 3162 LVIII
355 3101 385 3162 4.
410 3099 518 3163 Peooat
536 3098 596 3162 Dio
618 3105 722 3163 contra
741 3097 882 3183 temporis
901 3097 1049 3175 rationes,
1069 3096 1122 3181 qui
1141 3096 1240 3161 tradat

176 3221 352 3287 Geminium
370 3225 432 3309 jum
455 3232 525 3289 ante
548 3224 646 3310 Sejani
670 3224 788 3288 ruinam
799 3225 990 3289 interfectum
1002 3245 1065 3287 esse
1076 3223 1121 3308 4),
1147 3245 1241 3309 quum

176 3346 268 3411 fuerit
289 3347 321 3411 in
338 3370 598 3427 numerosorum,
622 3349 675 3433 qui
693 3347 731 3412 ob
744 3349 842 3431 Seiani
853 3348 1016 3413 amicitiam
1028 3348 1118 3414 occisi
1131 3355 1238 3414 essent.

220 3470 331 3535 LVIII
366 3475 416 3537 21.
453 3473 492 3537 In
526 3460 622 3536 morte
655 3472 775 3538 Nervae
810 3471 973 3537 enarranda
1006 3472 1066 3537 Dio
1098 3471 1242 3537 aTacito

178 3632 393 3645 ——

212 3691 222 3725 ⁷
250 3692 308 3742 Tac.
326 3692 393 3744 Ann.
409 3694 442 3744 IV
459 3692 482 3743 3.

222 3693 233 3755 )

210 3792 232 3856 1)
248 3793 305 3844 Tac.
324 3794 388 3845 dnn.
406 3796 440 3845 lV
458 3794 481 3846 8.
493 3797 563 3847 Suet.
581 3797 634 3848 Tib.
652 3796 692 3847 52.
710 3798 746 3848 Of.
763 3798 810 3848 Dio
828 3797 895 3847 LVII
911 3796 952 3847 14.

209 3896 231 3960 ²)
248 3897 305 3947 Tac.
323 3898 388 3949 Ann.
407 3899 440 3949 IV
457 3900 503 3957 34.
521 3903 556 3952 VI
573 3900 617 3952 35.

211 3999 233 4065 ³)
251 4001 309 4052 Tac.
326 4001 391 4052 Anu.
409 4004 441 4053 IV
460 4003 503 4068 15,
520 4003 565 4055 36.

213 4107 235 4173 ⁴)
253 4104 311 4156 Tac.
328 4108 394 4156 Ano.
412 4107 447 4157 1v
468 4107 513 4158 20.
