2842 4920
675 392 740 461 116

217 591 373 678 Caligulae
401 599 499 657 aetate
526 591 638 656 Senes
665 591 727 675 jam
760 590 910 655 nonnulla
932 612 1020 673 opera
1042 588 1154 667 edidit,
1178 610 1240 671 quo

174 718 295 785 nullum
324 717 499 804 scriptorem
522 716 673 781 utiliorem
692 715 732 780 ad
755 715 910 800 opiniones
934 715 981 778 sui
1002 713 1146 800 temporis
1168 735 1240 798 cog-

175 842 337 908 noscendus
370 864 433 907 eme
465 864 590 919 censeo,
622 840 666 904 ita
697 847 801 903 tumen
832 848 868 903 nt
896 839 934 902 de
965 837 1025 902 fide
1046 840 1110 923 ejus
1132 838 1239 915 iniis,

174 990 252 1053 quae
270 967 308 1031 de
326 965 502 1031 (lemuribus
521 964 649 1043 scribat,
669 986 756 1049 saepe
770 963 893 1027 difficile
904 963 944 1026 sit
953 962 1096 1047 judicare
1110 963 1241 1027 Senecm

173 1092 317 1176 juventus
351 1091 384 1154 in
413 1089 526 1155 'liberii
554 1088 689 1154 (laesarm
720 1088 922 1174 principatum
953 1088 1079 1166 incidit,
1106 1095 1144 1152 ut
1175 1088 1241 1173 ipse

133 1220 136 1224 ’
174 1216 266 1281 tradit
279 1217 312 1293 ¹).
333 1215 555 1281 Difficillimum
572 1221 619 1278 est
636 1213 801 1297 quidquam
820 1213 858 1277 de
875 1221 1028 1298 tempore,
1048 1235 1110 1296 quo
1128 1213 1241 1276 Seneca

176 1340 295 1424 singula
323 1362 411 1424 opera
441 1339 573 1424 scripsit,
596 1339 796 1415 constituere,
820 1336 901 1422 quod
923 1344 1027 1401 tamen
1048 1338 1179 1401 maxime
1202 1337 1241 1401 ad

176 1487 239 1528 rom
262 1472 393 1529 nostram
414 1464 562 1549 pertinere
584 1463 719 1528 arbit-ror.
749 1463 783 1526 Si
804 1462 972 1527 Teuffelum
998 1462 1157 1539 andimus,
1184 1461 1241 1526 sub

174 1588 314 1673 Caligula
335 1589 456 1674 scripsit
476 1587 721 1652 Consolationem
745 1587 783 1650 ud
806 1587 971 1666 Marciam
986 1587 1242 1671 quumaliilrunc

180 1712 293 1778 librum
334 1712 392 1777 sub
429 1712 558 1777 Claudio
600 1713 745 1797 scriptum
785 1734 850 1775 esse
879 1718 996 1796 putent
1043 1711 1077 1774 Si
1113 1712 1243 1775 Senetac

176 1837 266 1901 fidem
303 1837 336 1901 in
369 1836 424 1913 iis,
458 1860 537 1921 quae
570 1837 607 1901 de
636 1835 757 1903 Tiberio
791 1842 906 1912 narrat,
941 1842 1114 1919 spectamus
1121 1885 1132 1914 ,
1165 1835 1243 1898 scire

175 1962 319 2040 interest,
351 1968 455 2026 utrum
485 1960 542 2025 sub
564 1961 703 2045 Caligula
724 1983 764 2025 an
787 1960 845 2025 sub
865 1960 995 2025 Claudio
1016 1983 1052 2025 aa
1073 1959 1242 2045 scripserit,

175 2085 246 2169 quia
267 2084 405 2150 Tiberius
427 2084 583 2170 Caligulae
603 2085 720 2149 invisus
731 2091 813 2160 erat,
825 2083 1042 2148 sedaClaudio
1053 2082 1242 2148 laudabatur.

176 2211 283 2291 Quum
301 2217 404 2274 autam
423 2233 487 2274 uon.
503 2209 567 2275 fieri
585 2211 696 2295 possit,
709 2218 747 2275 ut
754 2216 892 2294 tempus,
903 2231 965 2294 que
975 2209 1028 2272 hic
1036 2208 1113 2272 liber
1122 2232 1242 2295 compo

177 2335 257 2399 situs
276 2334 334 2411 sit,
354 2356 408 2419 pro
428 2342 510 2399 certo
530 2341 696 2413 statuatur,
715 2334 754 2398 de
768 2334 829 2398 alia
845 2357 879 2398 re
899 2356 995 2418 agam.
1018 2333 1052 2397 Si
1069 2342 1244 2419 reputamus

179 2458 423 2526 Consolationem
434 2481 498 2523 esse
509 2460 649 2544 scriptam
661 2458 700 2523 ad
708 2459 870 2535 Murciam,
882 2458 975 2522 liliam
982 2458 1129 2523 Cremutii
1137 2457 1242 2537 Cordi,

176 2583 230 2669 qui
253 2582 310 2646 sub
321 2582 441 2648 'liberio
452 2585 628 2647 interfectus
639 2584 697 2659 sit,
709 2590 919 2667 exspectamus
929 2583 987 2647 hec
997 2583 1076 2648 libro
1087 2582 1243 2646 'liberium

178 2708 308 2773 maxime
320 2707 491 2793 vituperari.
503 2708 610 2788 Quum
622 2730 691 2773 vero
703 2708 829 2794 Sejanus
840 2707 945 2773 acerbe
952 2707 1131 2793 corripiatur
1137 2706 1243 2787 ,Tibe-

176 2834 257 2899 rium
272 2840 383 2897 contru
395 2832 552 2899 nonnullis
564 2832 638 2897 locis
650 2831 766 2896 laudari
779 2832 923 2898 videmus.
937 2831 1039 2897 Pietas
1049 2831 1163 2896 liberii
1174 2853 1244 2916 erga

177 2965 301 3023 matrem
310 2965 378 3043 pest
389 2956 483 3023 Drusi
494 2965 621 3023 mortem
632 2957 774 3023 laudatur
781 2959 805 3036 ⁹)
816 2964 847 3021 et
858 2957 970 3021 Seneca
981 2980 1043 3020 non
1055 2964 1118 3021 tam
1130 2956 1245 3021 stultus

176 3090 239 3162 est,
258 3090 294 3146 ut
305 3082 424 3148 'liberio
435 3084 555 3147 crimini
567 3084 618 3148 det
625 3132 634 3161 ,
646 3083 728 3168 qued
740 3090 850 3147 mortes
862 3081 1036 3148 Garumnici
1048 3088 1079 3146 et
1089 3081 1184 3144 Drusi
1193 3102 1244 3165 pa-

176 3204 287 3269 tienter
297 3205 403 3269 tulerit
411 3205 449 3292 ⁸),
458 3207 710 3290 quemadmodum
721 3207 843 3272 Tacitus
853 3214 885 3271 et
897 3205 1061 3270 Suetonius
1071 3207 1244 3289 fecerunt⁴)

175 3330 221 3394 uo
249 3328 329 3415 quod
361 3330 516 3396 'liberium
539 3331 643 3395 nudat
665 3332 705 3397 ob
728 3332 905 3417 patientiam
928 3332 1034 3396 mortis
1056 3330 1246 3411 Germanioi,

176 3456 326 3519 refutatur
355 3453 459 3520 odium
489 3455 567 3522 illud
599 3458 633 3523 in
669 3458 898 3524 Germanicum:
942 3481 1012 3523 nam
1042 3456 1157 3542 alioqui
1178 3423 1246 3522 laus

188 3681 384 3690 -—-...--.

212 3826 308 3891 ¹)Ssu.
326 3828 368 3891 Ep.
387 3827 482 3879 10811
503 3827 544 3879 22.

210 3930 232 3995 ²)
249 3930 308 3979 Seu.
327 3930 402 3980 Cous.
421 3930 452 3980 ad
471 3931 546 3981 Marc.
562 3932 595 3981 lv
612 3930 635 3980 2.

209 4033 231 4093 Β)
268 4048 278 4079 u
351 4048 362 4079 u
434 4048 445 4078 n
501 4049 512 4080 u
564 4032 608 4082 XV
626 4031 653 4083 3.

211 4135 306 4198 ⁴)Tuc.
324 4135 390 4185 Anu.
408 4134 486 4191 1113,
505 4134 524 4184 V
543 4132 570 4184 8.
593 4134 665 4184 Tuet.
684 4134 741 4185 Tib.
764 4133 805 4185 52.
