2842 4920
686 341 725 402 31

172 550 392 636 quodammodo
435 550 633 614 excusandam
678 551 788 630 fuisse,
832 572 928 634 quum
971 549 1131 633 Augustus
1176 571 1244 612 eum

174 675 290 751 anihilo
322 675 570 755 tractabiliorem,
606 675 699 738 immo
722 675 755 738 in
779 674 841 738 dies
866 674 1083 739 amentiorem”
1107 674 1138 737 in
1162 674 1243 737 insu-

172 802 233 865 lam
262 802 509 886 transportaverit
532 803 555 877 1)
591 807 622 864 01
644 801 766 865 Tacitus
790 823 859 864 eum
883 823 945 864 esse
969 801 1073 863 rudem
1098 798 1243 863 bonarum

172 926 284 990 artium
318 925 397 988 dicat
431 948 529 1010 neque
563 932 715 990 auctorem
739 926 803 989 eius
830 925 935 989 mortis
960 947 1139 1010 magnopere
1161 927 1241 991 vitu-

172 1048 338 1134 perandum
371 1073 452 1129 0550,
487 1050 514 1113 51
545 1052 686 1135 juvenem
709 1052 838 1115 ferocem
860 1057 890 1114 et
912 1048 1036 1127 rudem,
1068 1049 1121 1133 qui
1147 1050 1244 1114 multa

173 1175 306 1259 pericula
337 1176 440 1240 afferre
472 1181 590 1262 posset,
625 1198 641 1238 0
674 1175 771 1238 medio
795 1175 962 1241 sustulerit.
987 1174 1019 1237 Si
1042 1175 1244 1259 conjecturam

174 1301 270 1363 facere
292 1299 368 1362 mihi
389 1299 477 1377 licet,
506 1300 570 1364 reri
592 1299 689 1363 simile
712 1299 787 1362 mihi
809 1298 930 1363 ridetur
951 1299 1118 1384 Agrippam
1139 1299 1242 1363 inter-

174 1427 285 1488 fectum
309 1447 372 1488 esse
395 1423 433 1488 ab
456 1424 624 1488 aulicorum
647 1424 789 1509 quodam,
812 1424 866 1508 qui
885 1447 980 1508 quum
992 1423 1176 1508 intelligeret
1187 1424 1244 1487 hoc

174 1546 294 1612 Tiberio
315 1549 484 1632 jucundum
508 1553 586 1629 fore,
611 1550 676 1634 ejus
700 1550 828 1634 gratiam
859 1547 916 1612 sibi
939 1547 1097 1613 conciliare
1119 1549 1223 1615 voluit.

219 1672 263 1735 II.
298 1674 383 1749 113,
408 1674 480 1735 111.
519 1672 654 1757 Vellejus
689 1673 801 1736 nimius
836 1679 881 1735 est
904 1672 936 1735 in
958 1671 1099 1736 laudibus
1121 1671 1244 1736 Tiberii.

177 1796 268 1876 Quod
295 1796 393 1880 quivis
424 1797 486 1860 dux
508 1797 540 1860 in
563 1797 617 1861 tali
640 1819 672 1860 re
695 1802 794 1861 facere
819 1798 913 1875 50101,
937 1797 1127 1882 amplissimis
1150 1797 1248 1862 verbis

177 1921 341 1985 extollitur.

221 2046 256 2109 Π
281 2049 353 2110 122.
378 2046 515 2110 Tiberius
535 2047 694 2126 laudatur,
711 2047 795 2132 quod
806 2047 903 2111 tribus
915 2047 1078 2132 triumphis
1090 2055 1249 2111 contentus

178 2172 283 2251 fuerit,
303 2195 399 2254 quum
421 2179 536 2256 septem
560 2173 710 2237 meruerit.
736 2173 774 2236 In
797 2172 844 2235 his
871 2172 968 2237 verbis
981 2171 1245 2256 adulatorconspi-

178 2295 271 2374 citur;
295 2295 432 2360 Tiberius
455 2295 534 2358 enim
558 2296 621 2380 agit
642 2320 692 2360 eos
710 2297 895 2382 triumphos,
915 2297 969 2380 qui
985 2296 1013 2360 ei
1034 2296 1244 2360 decernuntur.

178 2420 397 2484 Annotandum
430 2428 476 2483 est
506 2420 661 2485 Tiberium
696 2422 794 2506 ipsum
826 2421 963 2484 locutum
995 2443 1058 2484 esse
1082 2420 1248 2504 despretis

179 2544 340 2629 triumphis
353 2547 389 2629 2).

223 2669 258 2732 Π
282 2672 354 2732 123.
380 2669 419 2732 10
441 2669 494 2748 115,
518 2693 594 2758 quae
613 2671 650 2734 de
662 2679 757 2735 morte
769 2672 911 2755 Augusto
924 2676 1098 2746 narrantur,
1112 2675 1246 2733 auctores

179 2815 240 2857 non
251 2793 330 2857 iuter
341 2817 372 2857 se
384 2796 584 2861 consentiunt.
594 2796 731 2882 Vellejus
743 2795 817 2858 dicit
829 2796 1003 2880 Augustum
1015 2799 1170 2858 mortuum
1183 2815 1246 2856 0550

180 2917 395 2982 circumfusum
429 2919 616 3005 amplexibus
650 2919 751 2984 Tiberi
789 2919 835 2982 sui
867 2927 897 2982 et
931 2918 1062 2981 flosculis
1095 2916 1250 2980 rhetoricis

180 3042 342 3106 amicitiam
377 3044 510 3127 Augusti
543 3052 573 3108 01
603 3045 715 3109 Tiberii
746 3044 874 3109 extollit.
895 3043 1018 3109 Tacitus
1040 3041 1146 3106 scribit
1170 3063 1250 3116 anon

181 3167 252 3230 satis
274 3175 462 3253 compertum
486 3176 546 3249 051,
570 3169 733 3254 spirantem
756 3170 854 3234 adhuc
867 3172 1042 3253 Augustum
1053 3168 1132 3253 apud
1145 3165 1250 3230 urbem

181 3290 294 3355 Nolam
308 3314 348 3356 an
370 3293 528 3357 exanimen
550 3295 713 3383 reppererit
724 3293 781 3373 ³).'’
806 3294 969 3359 Suetonius
990 3316 1052 3357 000
1074 3292 1140 3356 loco
1156 3289 1249 3354 tradit

182 3414 356 3499 Augustum
378 3417 431 3481 diu
454 3426 567 3484 secreto
591 3442 727 3483 sermone
749 3418 902 3482 Tiberium
927 3417 1091 3481 detinuisse
1103 3414 1141 3502 4),
1154 3414 1247 3478 altero

181 3537 336 3603 Tiberium
358 3541 520 3626 spirantem
542 3543 641 3608 adhuc
659 3545 833 3629 Augustum
857 3540 1018 3626 repperisse
1041 3546 1071 3602 et
1083 3561 1143 3602 uua
1154 3536 1249 3600 fuisse

218 3758 240 3823 ¹)
258 3761 329 3811 Suet.
353 3763 421 3828 Aug.
443 3762 488 3822 65,
507 3764 543 3814 Cf.
561 3765 608 3814 Dio
625 3766 666 3814 LV
679 3764 724 3814 32.

217 3862 239 3926 ²)
257 3863 316 3914 Tac.
333 3864 399 3914 Anu.
414 3865 448 3914 111
465 3865 505 3915 47.

220 3967 242 4024 ³)
259 3967 317 4018 Tac.
335 3967 400 4018 Ann.
419 3967 471 4019 15.

218 4071 241 4135 ⁴)
258 4069 331 4121 Suet.
356 4070 420 4136 Aug.
437 4069 479 4122 98.
