2842 4920
690 377 729 440 35

217 589 301 656 Tac:
326 592 373 656 sui
396 592 552 678 obtegens,
575 591 672 678 palam
696 591 878 676 compositus
901 591 1006 676 pudor.

219 719 324 798 Quum
343 717 402 782 duo
423 718 524 783 dicant
534 719 625 796 idem,
645 740 704 780 non
718 739 781 780 esse
791 716 872 780 idem
883 716 956 780 haec
968 715 1057 780 verba
1069 720 1242 798 ostendunt,

174 844 318 929 Ejusdem
342 867 439 908 mores
462 842 596 928 Vellejus
620 849 651 906 et
672 842 793 906 Tacitus
816 841 934 906 diverse·
953 841 1197 927 interpretantur.

219 968 318 1033 Veli:
342 969 443 1033 animo
467 990 648 1031 exsomnem.

218 1093 305 1158 Tae:
330 1093 449 1177 saepius
472 1092 622 1156 industria
646 1116 680 1156 aa
703 1091 868 1176 vigilantia.

220 1217 376 1281 Praeterea
392 1217 513 1280 Tacitus
526 1239 596 1279 eum
607 1216 696 1280 initio
707 1215 794 1280 bonis
806 1216 939 1279 consiliis
949 1223 1102 1281 notescere
1114 1219 1244 1282 voluisse

175 1342 258 1409 dicit.
293 1341 420 1405 Constat
455 1341 595 1426 Sejauum
629 1341 739 1404 eximia
769 1346 832 1403 arte
854 1339 1021 1424 praeditum
1052 1342 1144 1405 fuisse
1158 1341 1184 1428 1)
1208 1341 1244 1406 ad

175 1467 335 1530 hominum
370 1465 472 1529 studia
506 1463 564 1527 sibi
594 1463 781 1528 concilianda
792 1514 801 1543 ,
824 1465 935 1549 quippe
958 1465 1012 1551 qui
1035 1464 1190 1529 Tiberium
1215 1473 1246 1530 et

175 1599 223 1654 tot
256 1590 396 1654 mulieres
409 1588 435 1677 2)
471 1589 544 1653 adeo
578 1588 763 1667 devinxerit,
787 1589 887 1652 onmia
912 1589 1145 1672 impedimenta,
1170 1613 1246 1678 quae

177 1715 220 1794 ei,
239 1737 317 1778 novo
335 1714 468 1792 homini,
487 1712 705 1797 objicerentur,
726 1714 885 1778 removerit
901 1721 932 1778 et
951 1715 988 1778 ad
1000 1706 1132 1799 primum
1146 1715 1245 1780 locum

177 1840 208 1902 in
244 1840 365 1904 civitate
387 1839 565 1923 pervenerit.
600 1839 673 1902 Erat
696 1840 743 1904 vir
763 1840 849 1902 fortis
873 1846 905 1903 ot
931 1846 1070 1904 strenuus
1093 1840 1245 1924 praeclaro

176 1964 299 2047 ingenio
317 1961 469 2048 praeditus
477 2011 486 2040 ,
513 1962 564 2026 sed
584 1963 766 2047 perniciosae
785 1963 958 2028 ambitionis
974 1964 1089 2048 plenus.
1119 1964 1243 2048 Sejanus

178 2088 253 2151 mihi
274 2087 384 2151 similis
406 2087 525 2151 videtur
544 2087 705 2152 Macbetho
717 2088 763 2151 illi
776 2089 903 2171 tragico:
924 2087 1011 2152 ambo
1023 2096 1095 2151 sunt
1107 2087 1244 2150 homines

178 2213 268 2291 boni,
291 2236 366 2296 quos
389 2213 525 2298 princeps
545 2212 617 2277 colit
637 2213 731 2296 etqui
744 2211 962 2296 amplissimum
974 2213 1075 2276 locum
1088 2211 1244 2289 obtinent,

180 2338 231 2402 sed
251 2337 328 2401 male
339 2337 477 2401 consulta
488 2337 549 2414 vel,
574 2344 609 2400 ut
621 2344 664 2400 est
678 2337 757 2422 apud
771 2345 908 2422 poetam,
932 2337 985 2421 qui
1005 2337 1121 2401 intimis
1133 2337 1245 2420 cogito-

178 2461 313 2526 tionibus
346 2461 470 2526 formam
501 2483 672 2546 corpoream
703 2461 771 2539 dat,
802 2462 950 2526 veneficae
979 2462 1115 2525 animum
1135 2482 1240 2524 corum

179 2586 356 2662 dilacerant3
382 2586 476 2649 nimio
501 2585 657 2670 splendore
678 2585 808 2670 perculsi
829 2592 901 2649 sunt
923 2593 954 2650 et
976 2586 1029 2651 ubi
1048 2586 1139 2650 semel
1164 2608 1247 2670 spem

180 2717 381 2795 conceperunt
397 2710 584 2795 principatus
601 2708 772 2790 obtinendi,
785 2711 865 2775 viam
877 2711 1023 2774 scelerum
1035 2711 1249 2795 ingrediuntur

180 2859 235 2900 uec
264 2834 313 2899 ab·
334 2835 395 2899 ulla
425 2858 458 2899 re
481 2834 659 2913 abhorrent;
684 2857 721 2898 ue
744 2835 769 2897 si
792 2834 889 2899 velint
911 2835 1053 2919 quidem,
1087 2836 1248 2899 consistere

178 2961 311 3046 possint,
341 2961 412 3044 quia
442 2983 479 3023 ex
508 2960 618 3023 scelere
645 2960 777 3024 nascitur
810 2960 926 3037 scelus,
951 2959 1139 3045 propositum
1164 2959 1246 3042 quod

179 3086 217 3149 iis
236 3086 338 3148 animo
361 3083 553 3163 obversatur,
578 3092 697 3148 tantum
729 3084 882 3148 intuentes
917 3106 977 3147 nou
1019 3092 1142 3162 curant,
1184 3105 1246 3167 quo

181 3207 270 3272 modo
302 3208 335 3273 id
368 3218 577 3292 exsequantur.
603 3207 755 3292 Velleius,
792 3208 844 3291 qui
875 3208 1001 3271 florente
1025 3207 1132 3293 Sejano
1156 3208 1247 3293 scrip

182 3334 241 3412 sit,
267 3333 332 3418 ejus
365 3332 458 3396 bonas
489 3340 568 3395 artos
591 3338 709 3411 narrat,
745 3332 795 3395 sed
827 3333 892 3417 ejus
923 3331 1135 3409 ambitionem,
1171 3355 1248 3415 quae

182 3457 308 3541 negligit
318 3458 466 3521 rationem
479 3464 510 3521 et
520 3456 618 3534 viam,
634 3480 694 3540 qua
704 3456 870 3542 potentiam
882 3457 1036 3540 acquirat,
1052 3464 1083 3518 et
1095 3456 1243 3535 bicinora,

182 3603 259 3665 quae
287 3582 457 3661 commisit,
477 3582 603 3659 reticet,
626 3604 756 3665 quorum
778 3589 879 3645 tamen
902 3602 1016 3659 unum,
1039 3601 1118 3643 mors
1139 3579 1249 3658 Drusi,

181 3712 286 3790 postea
308 3706 430 3769 demum
451 3709 636 3791 patefactum
659 3713 712 3770 est.

220 3995 240 4059 ¹)
256 3995 316 4044 Tac.
334 3995 398 4043 Arm.
416 3995 448 4043 lv
466 3993 489 4042 7.

217 4096 241 4160 ἵ)
257 4097 305 4145 Dio
322 4097 400 4147 Lvrss
417 4095 441 4146 3.
