2842 4920
699 321 716 382 7

221 530 257 594 Iu
291 529 447 595 Britannia
469 530 577 616 Beesly
600 532 632 596 in
656 531 759 595 Dianio
785 531 1021 616 ,AEorthnigthly
1052 531 1192 596 Review''
1218 533 1241 615 1)

174 654 289 720 Tiberii
312 653 515 720 defensionem
538 656 668 741 suscepit
675 683 684 733 3
708 657 788 721 idem
810 679 889 722 anno
914 657 1116 736 18781etiam
1127 656 1240 735 librum

176 779 270 844 edidit
293 778 349 844 sub
372 779 481 845 titulo:
498 780 695 857 nTiberius”,
708 780 793 846 ouius
805 781 915 866 scripta
924 788 1027 846 tamen
1041 804 1102 844 non
1114 780 1239 866 inspexi.

220 904 319 968 Venio
354 927 435 969 nuno
452 905 495 972 ,ad
519 905 689 990 scriptores,
713 905 767 990 qui
789 905 925 991 proxime
949 906 985 970 de
1007 904 1127 969 Tiberio
1150 904 1242 989 scrip-

175 1036 289 1093 serunt.
313 1030 404 1093 Anno
429 1032 514 1095 1870
539 1029 575 1096 L.
600 1029 728 1116 Freytag
752 1029 864 1095 librum
884 1030 994 1095 edidit:
1009 1029 1242 1105 nllberiusund

174 1153 336 1232 Tacitus”,
360 1154 430 1239 qui,
454 1160 490 1219 ut
513 1155 588 1219 mihi
599 1155 721 1240 quidem
733 1135 870 1231 videtur,
883 1154 977 1219 nimio
989 1154 1088 1219 studio
1100 1154 1241 1240 abreptus

173 1277 286 1365 Tiberii
321 1278 525 1344 defensionem
559 1280 697 1366 suscepit.
733 1279 871 1344 Tacitum
894 1286 1045 1344 auctorem
1068 1287 1188 1343 secutus
1211 1285 1242 1344 et

174 1425 244 1467 eum
267 1425 353 1489 saepe
375 1407 508 1468 refutans
530 1403 642 1468 Tiberii
665 1404 759 1469 vitam
782 1411 916 1480 enerrat3
939 1403 1093 1468 liberium
1105 1403 1241 1467 omnium

173 1526 333 1592 criminum
367 1526 521 1593 absolvere
550 1528 669 1605 studet,
690 1527 838 1614 judicium
862 1528 898 1592 de
920 1551 955 1591 eo
973 1527 1051 1592 libro
1069 1527 1241 1592 invenimus

130 1710 132 1715 ,
174 1650 205 1715 in
230 1674 335 1737 opere,
359 1651 440 1736 quod
461 1652 555 1716 edidit
577 1652 615 1717 Ο.
641 1652 750 1717 Clason
776 1651 916 1726 ,Tannus
932 1651 996 1716 und
1013 1651 1166 1728 Sueton”,
1187 1649 1240 1716 ubi

174 1775 297 1839 minime
317 1775 371 1839 has
395 1775 549 1861 opiniones
559 1777 675 1862 probat.
699 1777 790 1840 Auno
804 1779 888 1841 1879
902 1776 1020 1840 Arnold
1033 1775 1145 1839 Tiberii
1158 1798 1241 1839 men-

173 1898 287 1963 tionem
310 1899 383 1966 facit
405 1900 437 1963 in
460 1900 552 1966 libro:
579 1901 664 1977 ,The
678 1900 795 1965 Roman
807 1905 919 1987 system
931 1904 964 1964 of
971 1900 1136 1986 provincial
1147 1899 1240 1964 admi-

173 2013 363 2104 nistration”,
398 2048 458 2111 quo
488 2025 691 2112 approbantur
713 2048 806 2091 norae
829 2026 992 2111 opiniones.
1016 2024 1124 2089 Editor
1145 2023 1240 2089 Taciti

173 2149 376 2216 nobilissimus
411 2152 452 2217 K.
487 2150 660 2238 Nipperdey
694 2159 724 2216 et
758 2151 939 2215 clarissimus
962 2157 1067 2215 auctor
1089 2148 1240 2213 Historiae

173 2275 344 2340 Literarum
368 2276 570 2341 Romanarum
593 2276 632 2340 G.
657 2274 833 2362 Bernhardy
855 2298 916 2338 non
938 2273 1241 2361 possunt‘conoedere

173 2399 268 2464 Taciti
290 2400 499 2465 auctoritatem
511 2400 731 2484 infringendam
743 2422 814 2464 esse.
839 2399 925 2464 Inter
936 2398 1093 2463 historicos
1104 2398 1137 2463 Ο.
1151 2398 1241 2462 Peter

173 2532 268 2590 artem
309 2526 443 2590 criticam
484 2525 517 2588 in
551 2524 704 2588 nonnullis
746 2523 836 2588 rebus
869 2521 906 2587 ad
939 2521 1052 2586 Tiberii
1086 2521 1240 2585 historiam

172 2649 393 2734 pertinentibus
422 2650 544 2714 adhibet
568 2673 665 2736 neque
686 2650 718 2715 in
741 2649 882 2714 omnibus
904 2648 993 2713 rebus
1015 2648 1118 2713 Tacito
1140 2672 1238 2713 assen-

173 2775 250 2838 titur
283 2782 314 2840 et
349 2775 390 2840 H.
427 2775 572 2854 Schiller‚
609 2777 661 2861 qui
684 2775 925 2840 recentissimum
948 2775 1060 2839 librum
1085 2776 1121 2839 de
1143 2782 1240 2840 aetate

173 2899 364 2984 imperatoria
385 2899 443 2964 hoc
466 2923 545 2964 anno
570 2899 680 2978 edidit,
705 2899 864 2984 imaginem
888 2898 999 2964 Tiberii
1004 2949 1014 2978 ,
1037 2899 1239 2982 novesiuqui-

178 3023 300 3088 sitiones
322 3030 443 3088 secutus
463 3024 559 3103 ‚nohis
578 3025 727 3110 proponit.
743 3025 829 3104 Quae
841 3023 1034 3087 Mommsenii
1045 3023 1194 3088 sententia
1204 3024 1240 3088 de

172 3147 291 3212 Tiberio
314 3148 371 3228 sit,
395 3171 456 3212 non
478 3147 641 3212 admodum
663 3147 790 3212 dubium
816 3154 878 3226 est,
902 3147 927 3210 si
950 3147 1089 3230 colligere
1110 3146 1180 3210 licet
1203 3171 1240 3211 ex

173 3271 381 3357 opinionibus,
415 3271 466 3335 hic
499 3273 562 3338 illic
595 3273 632 3337 ab
665 3295 699 3336 eo
722 3272 859 3357 prolatu,
885 3294 961 3356 quae
984 3271 1148 3336 ostendunt
1170 3294 1240 3335 eum

171 3395 327 3460 'liberium
349 3396 488 3460 admirari
512 3404 542 3460 et
566 3396 602 3460 de
624 3394 682 3459 fide
695 3395 906 3459 historicorum
917 3393 1022 3459 aetatis
1033 3394 1239 3479 imperatoriae

173 3518 320 3586 dubitare.
343 3522 368 3605 ⁹)

207 3734 228 3791 ¹)
245 3732 311 3782 1867
328 3748 364 3783 rn.
380 3733 452 3796 Dec..
470 3730 537 3782 1868
555 3748 587 3781 m.
605 3732 661 3782 Jan.
1043 3792 1045 3796 Ι

207 3834 229 3899 ²)
255 3835 283 3884 L.
309 3835 430 3900 Freytag,
458 3834 572 3884 Tiberius
598 3834 649 3883 und
675 3833 776 3883 Tacitus
801 3832 875 3896 1870,
901 3848 962 3898 pag.
992 3833 1020 3883 ⁸2.

206 3937 314 3987 Hermes
338 3939 371 3988 IV
376 3974 382 3987 .
405 3937 536 3988 Cornelios
552 3936 654 3986 Tacitus
670 3936 722 3985 und
740 3934 841 3985 Cluvius
857 3936 951 3986 Rufus.

208 4039 317 4091 Hermes
333 4041 405 4090 XIII.
430 4041 472 4090 Die
489 4039 593 4090 Familia
611 4040 655 4089 des
673 4038 850 4095 Germanicus.
