2842 4920
691 389 732 449 84

177 608 281 665 contra
315 600 487 681 Tiberium,
511 601 583 686 quia
605 600 666 664 levi
689 600 886 663 fundamento
909 599 978 663 talis
1002 621 1105 662 rumor
1126 598 1245 664 nititur.

222 725 298 789 Inde
332 732 455 811 apparet
492 724 671 789 Suetonium
706 723 835 787 nimium
870 722 1010 787 tribuisse
1041 722 1244 807 sermonibus,

178 873 253 933 quos
275 849 400 914 tradidit
424 849 510 913 nullo
531 848 643 933 judicio
666 848 810 912 adhibito.

222 973 349 1058 Pergam
371 974 409 1038 ad
432 996 481 1036 eos
504 973 602 1051 locos,
626 972 679 1037 ubi
702 979 819 1036 constat
841 971 915 1035 falsa
938 970 1031 1035 relata
1055 994 1126 1037 esse.

222 1097 293 1184 Cap.
320 1100 369 1161 10.
394 1097 441 1162 De
463 1097 575 1177 causis,
598 1119 651 1160 cur
673 1096 811 1160 Tiberius
835 1095 978 1160 Rhodum
1003 1095 1171 1177 secederet,
1195 1097 1243 1179 egi

178 1220 215 1284 ad
239 1221 320 1287 Vell.
345 1222 381 1286 Π
407 1225 446 1283 99

221 1345 291 1431 Cap.
320 1349 370 1411 15.
395 1346 442 1410 De
463 1346 577 1410 Tiberii
598 1346 789 1432 adoptatione
812 1345 849 1410 ad
873 1345 952 1409 Vell.
978 1345 1013 1436 H
1038 1348 1110 1409 103.

221 1471 293 1557 Cap.
320 1475 371 1536 20.
398 1472 445 1536 De
468 1473 565 1536 causis
587 1471 699 1536 Tiberii
721 1470 920 1557 adoptationis
944 1470 982 1534 ed
1005 1470 1083 1534 Vell.
1109 1471 1145 1535 ΙΙ
1170 1475 1243 1537 103.

222 1597 312 1676 Quod
346 1597 507 1661 Suetonius
541 1597 614 1662 dicit
644 1599 819 1680 Augustum
853 1595 926 1659 adeo
949 1594 1101 1659 diritatem
1127 1618 1245 1660 morum

177 1719 288 1785 'liberii
323 1721 540 1815 improbasse,
557 1730 593 1787 ut
626 1726 855 1805 nonnumquam
888 1720 1071 1785 remissiores
1095 1742 1245 1784 sermones

178 1868 213 1908 eo
248 1846 475 1930 superveniente
508 1845 716 1931 abrumperet,
751 1846 828 1909 nihil
852 1854 956 1910 contro
978 1845 1133 1909 Tiberium
1155 1846 1244 1926 facit;

176 1968 308 2034 ostendit
330 1976 449 2034 tantum
474 1994 570 2035 mores
593 1971 726 2055 Augusti
748 1978 778 2034 et
800 1969 913 2034 Tiberii
935 1969 1095 2035 dissimiles
1111 1971 1203 2034 fuisse
1215 1978 1246 2036 et

176 2095 353 2178 Augustum
376 2096 505 2175 cavisse,
529 2119 566 2159 ne
590 2119 727 2161 severum
748 2097 888 2182 juvenem
912 2094 1086 2160 offenderet.

222 2217 293 2303 Cap.
320 2223 370 2284 22.
395 2218 442 2282 De
465 2227 561 2282 morte
583 2220 734 2305 Agrippae
758 2219 894 2283 Postumi
915 2219 953 2282 ad
973 2219 1051 2284 Vell.
1066 2221 1102 2284 ΙΙ
1123 2222 1196 2286 lle.

221 2343 291 2428 Cap.
308 2347 358 2406 23.
375 2331 548 2421 uQuonium
559 2351 644 2407 atrox
652 2346 773 2407 fortuna
781 2343 931 2428 Gajumet
938 2343 1069 2408 Lucium
1077 2345 1155 2408 filios
1168 2344 1243 2410 mihi

176 2466 296 2551 cripuit,
317 2466 455 2531 Tiberius
478 2466 585 2532 Cacsar
608 2467 692 2531 heres
709 2466 803 2531 esto’'.
824 2467 871 2530 Ex
890 2467 938 2531 his
954 2467 1052 2533 verbis
1068 2471 1243 2534 testamenti
1358 2514 1362 2521 -

175 2590 307 2673 Augusti
338 2612 399 2653 non
433 2591 572 2674 colligere
602 2613 774 2676 possumus
810 2591 840 2655 id
864 2592 944 2676 quod
968 2593 1131 2657 Suetonius
1155 2594 1243 2673 fecit,

175 2712 329 2777 'liberium
351 2715 491 2798 Augusto
514 2715 766 2796 invisumfuisse3
789 2723 908 2780 tantum
922 2715 1144 2795 demonstrent,
1164 2717 1243 2801 quod
1319 2731 1321 2736 '

175 2846 298 2903 naturae
333 2847 568 2904 consentaneum
593 2847 654 2919 est,
690 2843 865 2926 Augustum
890 2840 983 2925 magis
1006 2847 1129 2925 nepotes
1153 2862 1242 2924 quam

174 2962 328 3027 'liberium
352 2963 500 3030 dilexisse.

219 3089 291 3174 Cap.
330 3095 380 3155 24.
417 3090 464 3153 De
495 3091 608 3175 causis,
645 3114 699 3155 cur
725 3091 862 3156 Tiberius
898 3051 1067 3176 imperium·
1092 3098 1244 3153 recusaret

66 3217 69 3224 '
176 3215 214 3278 ad
236 3214 318 3282 Vell.
344 3214 378 3278 ΙΙ
404 3218 476 3277 lad.

223 3336 464 3413 “Germaniciani
494 3338 617 3422 quidem
651 3339 742 3403 etiam
764 3340 929 3426 principem
951 3338 1156 3404 detractabant
1180 3361 1243 3402 non

174 3488 191 3528 a
214 3486 245 3526 se
271 3463 408 3531 datum''.
432 3462 493 3528 Hic
516 3471 562 3528 est
584 3464 687 3546 locus,
711 3464 765 3528 ubi
778 3465 955 3529 Suetonium
968 3472 1036 3550 post
1056 3487 1169 3529 annum
1183 3468 1241 3543 69,

173 3588 227 3653 ubi
251 3589 361 3654 milites
383 3590 532 3676 principes
554 3590 718 3671 dederunt,
754 3591 905 3677 scripsisse
927 3598 1027 3677 patet,
1048 3590 1137 3674 quia,
1161 3589 1241 3674 quod

173 3713 206 3777 in
230 3736 315 3778 suam
338 3722 466 3779 aetatem
487 3715 611 3796 incidit,
634 3717 667 3780 in
690 3716 747 3781 hoc
769 3723 887 3802 tempus
910 3714 1074 3781 transtulit.

220 3837 342 3917 MetuS,
378 3861 467 3923 quem
501 3839 698 3904 Germanicus
731 3838 850 3904 Tiberio
884 3840 1027 3920 incussit,
1062 3861 1123 3903 non
1146 3844 1245 3923 potest

177 3982 265 4024 verus
288 3983 364 4041 esse,
393 3961 464 4045 quia
488 3984 584 4026 mores
607 3963 779 4028 Germanici
802 3963 921 4029 'liberio
944 3988 1003 4028 non
1027 3962 1125 4049 ignoti
1147 3968 1241 4026 erant.

217 4085 288 4149 Non
323 4085 386 4151 veri
420 4085 518 4151 simile
551 4087 672 4152 videtur
706 4088 741 4153 L.
775 4072 965 4156 Scribonium
1000 4089 1147 4153 Libonem
1179 4086 1242 4172 jam
