2842 4920
415 1191 650 1383 orror
688 1218 1049 1400 curarum

236 1741 310 1808 Vita
333 1748 364 1807 et
374 1741 492 1807 indoles
505 1741 642 1807 Suetonii
654 1748 875 1826 cognoscuntur
886 1749 916 1806 et
928 1741 1069 1827 exipsius
1082 1763 1170 1828 opere
1181 1747 1212 1805 et
1223 1763 1261 1805 ex

193 1869 287 1934 Plinii
299 1869 440 1957 epistolis.
461 1869 562 1935 Natus
575 1872 692 1934 estsere
704 1892 784 1933 anno
799 1872 815 1935 7
821 1872 837 1935 7
851 1892 880 1955 p.
896 1868 928 1935 0.
943 1893 974 1936 n.
981 1919 990 1950 ,
1003 1868 1084 1954 quod
1095 1891 1130 1933 ex
1144 1866 1262 1933 duobus

194 1996 268 2060 locis
285 1993 448 2081 colligitur,
471 2017 565 2080 quum
578 2017 610 2058 se
621 1994 811 2060 adulescente
822 1993 1113 2082 pseudo-Neronem
1126 1992 1261 2059 extitisse

196 2120 276 2185 dicat
285 2119 322 2207 ¹),
335 2120 416 2205 quod
428 2143 506 2184 anno
520 2122 560 2182 88
574 2121 687 2186 factum
700 2128 745 2185 est
752 2145 761 2198 ;
786 2118 895 2183 deinde
906 2116 1140 2204 subprincipatu
1153 2116 1261 2182 Domi·

194 2244 270 2339 tiani
304 2243 565 2308 adulescentulum
591 2265 622 2308 se
644 2244 735 2308 t'uisse
758 2249 971 2308 commemorat
995 2245 1031 2327 ⁹).
1063 2242 1262 2307 Juventutem

195 2368 251 2435 sub
273 2368 448 2433 Domitiano
469 2368 615 2453 transegit
624 2395 633 2447 ;
657 2392 674 2433 a
692 2368 837 2454 Trojano,
862 2367 962 2431 Plinio
976 2389 1036 2461 ⁸suo
1049 2366 1144 2431 amico
1155 2367 1258 2452 depre-

194 2501 293 2558 catore
312 2516 398 2570 usus,
416 2494 466 2578 jus
482 2491 575 2557 trium
586 2491 750 2557 liberorum
759 2492 871 2578 accepit
880 2493 925 2577 3);
950 2491 1105 2556 Hadriano
1118 2493 1260 2576 magister

194 2616 387 2703 epistolarum
399 2617 467 2696 tuit,
478 2617 509 2680 in
523 2617 609 2702 cujus
623 2617 726 2682 odium
738 2617 846 2682 incidit
852 2620 896 2702 4);
909 2639 999 2683 senex
1010 2624 1147 2682 mortuus
1161 2622 1207 2681 cst
1221 2614 1255 2705 ⁵).

240 2740 309 2822 Quo
332 2763 411 2805 anno
439 2740 526 2805 Vitas
549 2740 665 2805 edidit?
693 2740 805 2806 Scribit
827 2764 858 2805 se
880 2739 1026 2827 puerilem
1037 2739 1261 2826 imagunculam

195 2867 324 2953 principi
347 2866 424 2930 dono
445 2865 580 2951 dedisse,
605 2890 681 2951 (puae
703 2868 783 2931 inter
801 2866 934 2931 cubiculi
954 2864 1045 2930 Lares
1068 2865 1214 2930 coleretur
1226 2867 1261 2950 ⁶).

196 2992 317 3056 Nomen
341 2992 483 3079 principis
505 2992 671 3070 omittitur,
696 2990 747 3056 sed
771 2990 933 3056 admodum
958 2991 1021 3054 veri
1041 2989 1139 3054 simile
1158 2997 1204 3054 est
1214 2989 1262 3053 his

196 3115 296 3181 verbis
318 3116 506 3181 Hadrianum
529 3116 707 3200 significari,
720 3116 833 3202 quippe
856 3116 909 3199 qui
934 3116 1123 3199 antiquarius
1145 3121 1222 3180 esset
1233 3121 1263 3180 et

194 3245 280 3327 grato
299 3241 399 3304 animo
414 3239 472 3304 hoc
489 3239 601 3305 donum
618 3241 782 3326 acceperit,
804 3238 884 3325 quod
896 3240 1021 3304 minime
1031 3240 1063 3304 in
1075 3239 1260 3325 Trajanum,
1294 3270 1297 3278 ·

231 3583 251 3647 ¹)
269 3584 337 3633 Suet.
356 3585 416 3634 Ner.
433 3583 477 3635 57.

228 3684 251 3748 ²)
268 3684 341 3735 Suet.
364 3686 441 3735 Dom.
463 3685 505 3736 12.

228 3787 250 3851 ³)
267 3787 334 3837 Plin.
357 3789 388 3838 ad
406 3788 472 3851 Trnj.
489 3788 523 3838 94
540 3794 566 3839 et
583 3804 736 3854 responsum
756 3788 797 3839 95.

227 3890 250 3953 ⁴)
267 3888 349 3954 Spart.
367 3891 447 3940 Hudr.
473 3892 508 3941 xl
528 3891 552 3941 1.

229 3992 252 4057 ⁵)
269 3993 364 4043 Fronto
378 3993 409 4041 ad
428 3993 488 4043 11111.
507 3994 519 4042 Ι
540 3992 580 4043 10.

230 4096 252 4159 ⁶)
269 4094 339 4146 Siret.
356 4096 419 4160 Aug.
439 4094 461 4144 7.
