2842 4920
718 411 737 472 2

195 631 230 688 ut
241 624 397 710 quaedam,
409 623 525 688 etiamsi
538 623 655 688 minuta
667 626 789 686 tortasse
801 631 932 687 attamen
945 621 1068 685 minime
1081 620 1260 706 negligenda

194 774 212 815 a
235 773 282 813 me
305 750 483 828 afferantur,
516 758 583 814 turn
606 750 767 813 certissime
791 750 936 814 confidere
959 750 1054 813 audeo
1077 772 1205 834 aequum
1229 757 1259 814 et

194 873 374 938 benevolum
408 874 550 938 lectorem
584 873 670 937 facile
703 873 878 958 agniturum
912 896 974 937 esse
1005 880 1041 938 ut
1064 874 1160 939 desint
1183 874 1259 937 vires

195 1006 295 1063 tamen
318 999 508 1061 voluntatem
532 1021 594 1062 esse
616 997 807 1064 laudandam.

239 1122 308 1186 Jarn
335 1122 485 1208 superiore
508 1122 609 1186 seculo
631 1121 732 1207 aliqua
754 1122 951 1188 dubitationis
975 1117 1155 1187 documenta
1177 1144 1259 1208 repe*

194 1247 332 1326 riuntur,
367 1269 443 1332 quae
475 1254 577 1312 tamen
610 1246 703 1311 nuliis
737 1249 940 1312 fundamentis
975 1248 1127 1313 nitebatur
1162 1255 1192 1312 et
1224 1272 1260 1312 ex
1341 1245 1343 1250 ’

194 1371 294 1437 studio
335 1373 465 1458 quodam
506 1373 606 1437 omnia
647 1374 680 1436 in
721 1373 868 1437 incertum
904 1372 1062 1439 revocandi
1097 1354 1258 1437 oriebatur.

195 1499 285 1562 Anno
320 1502 404 1564 1770
429 1499 473 1564 M.
497 1498 631 1584 Linguet
650 1499 681 1562 in
703 1497 781 1563 libro
808 1499 962 1563 nHistoire
987 1499 1037 1562 des
1061 1498 1260 1564 Revoiutions
1284 1485 1336 1591 §1⁴
1352 1485 1365 1506 Χ

195 1625 232 1688 de
264 1623 409 1708 l'bimpire
444 1623 592 1688 Romain'’
628 1623 745 1709 scripsit
779 1624 924 1708 quaedam
948 1625 984 1687 de
1006 1621 1125 1686 'liberio
1148 1622 1260 1707 dignis-

194 1748 286 1827 sima,
328 1771 404 1833 quae
444 1748 599 1832 legantur,
642 1716 774 1813 ostendit
813 1771 875 1812 non
906 1748 949 1812 ita
990 1769 1129 1832 magnam
1171 1746 1260 1810 [idem

194 1871 384 1940 tribuendam
427 1896 490 1936 esse
527 1873 630 1937 Tacito
671 1880 700 1936 et
736 1872 896 1950 Suetonio,
941 1894 1064 1957 prorsus
1098 1870 1260 1935 libidinum

195 1997 283 2082 culpa
315 1997 469 2062 [liberium
504 1997 628 2078 liberat,
665 1997 784 2062 dubitat
818 1997 947 2083 denique
970 1997 1007 2061 de
1030 1996 1133 2061 multis
1157 1995 1259 2076 rebus,

195 2144 272 2206 quae
295 2122 332 2184 de
354 2122 473 2187 'liberio
499 2123 657 2188 memoriae
678 2123 796 2208 prodita
816 2131 897 2188 sunt.
934 2123 1049 2187 Eodem
1073 2122 1161 2185 modo
1185 2122 1260 2185 Vol-

194 2246 268 2310 taire
288 2246 427 2332 piurimis
448 2246 521 2310 locis
544 2249 633 2312 fidem
656 2248 758 2312 Tacito
782 2258 812 2312 et
835 2247 979 2311 Suetonio
1002 2247 1141 2330 denegat,
1168 2246 1261 2322 malos

194 2394 328 2434 rumores
351 2371 387 2434 de
410 2393 527 2434 secessu
550 2371 672 2456 Capreis
695 2372 784 2435 fuisos
807 2393 870 2434 esse
892 2369 1047 2438 contendit
1063 2376 1093 2432 et
1105 2370 1261 2454 complura

194 2504 370 2580 argumenta
404 2497 490 2560 affert
523 2496 559 2560 ad
594 2497 764 2581 opinionem
787 2519 871 2560 suam
894 2494 1127 2559 confirmandam
1151 2495 1185 2579 1).
1211 2493 1261 2557 Ab

189 2620 339 2693 hocloco
363 2621 444 2685 haud
467 2621 597 2686 alienum
623 2629 668 2685 est
692 2643 923 2684 commemorare
947 2620 1187 2706 Napoleontem‚
1212 2619 1261 2682 cui

194 2747 315 2811 Tacitus
337 2747 525 2834 displicuisse
548 2747 678 2811 traditur
697 2749 739 2826 ⁹),
762 2769 927 2810 sermonem
940 2744 1080 2809 habuisse
1092 2768 1160 2810 curn
1171 2752 1260 2831 poeta

194 2871 372 2950 Wielando,
407 2894 467 2957 quo
490 2871 598 2944 dixerit
619 2870 755 2936 Tacitum
778 2870 917 2956 iniquum
941 2893 1004 2934 esse
1026 2870 1059 2933 in
1077 2868 1261 2956 principibus

194 2971 391 3082 dijudicandis
403 2998 438 3081 8).

238 3120 330 3206 Apud
353 3120 475 3185 nulium
498 3120 671 3206 scriptorem
693 3120 799 3206 prioris
822 3119 915 3204 partis
938 3118 1030 3205 hujus
1053 3118 1149 3182 seculi
1160 3118 1260 3203 aliqua

194 3244 391 3309 dubitationis
403 3245 529 3329 vestigia
540 3246 655 3332 repperi
665 3295 674 3324 ,
698 3268 793 3330 quum
805 3243 946 3308 Niebiihr
956 3246 981 3329 4)
991 3294 1000 3323 ,
1013 3243 1208 3330 Obampagny
1224 3247 1258 3328 ⁵),

231 3424 251 3488 1)
268 3424 393 3488 vorare,
412 3424 511 3473 nortun
529 3399 664 3487 complete,
685 3424 765 3474 raus.
782 3422 857 3473 rese.

229 3525 272 3576 Vol
289 3525 334 3590 41,
354 3542 376 3590 p.
394 3524 456 3588 268,
474 3524 536 3588 307,
556 3525 639 3574 Traite
658 3540 703 3574 sur
717 3525 741 3575 la
758 3525 894 3575 toleranee.

246 3644 257 3674 a
285 3627 331 3690 44,
348 3644 372 3691 ρ.
389 3627 452 3691 382,
470 3629 506 3678 Le
523 3627 704 3692 Pyrrhonisme
722 3629 754 3677 de
771 3628 907 3679 l'ilistoire.

246 3745 258 3776 a
285 3727 330 3792 48,
348 3745 372 3792 p.
389 3729 450 3793 170,
468 3729 518 3780 Sur
534 3731 571 3780 ies
589 3731 733 3781 arieedotes.

227 3829 250 3895 ⁹)
268 3831 360 3895 Garat,
379 3831 513 3884 Memoires
530 3833 680 3896 historiques
697 3847 741 3882 sur
757 3834 780 3882 la
798 3831 836 3883 vie
853 3834 885 3883 de
901 3833 933 3883 M.
950 3831 1045 3897 Suard,
1064 3833 1142 3884 Paris.
1160 3831 1234 3882 1819.

228 3933 251 3996 3)
271 3932 393 3997 Niebuhr,
412 3935 535 3999 Vortriige
553 3934 618 3984 iiber
635 3934 674 3984 die
691 3934 826 3985 Romische
844 3934 994 3985 Gesehichte
1011 3936 1033 3999 l,
1052 3951 1077 3999 p.
1093 3935 1154 3984 245.

227 4035 250 4099 ⁴)
270 4035 391 4100 Niebuhr,
409 4038 531 4102 Vortriige
548 4037 613 4086 iiber
629 4037 668 4086 die
686 4037 821 4089 uomisohe
839 4037 999 4088 Gesrhichte.

227 4138 249 4202 ⁶)
271 4138 447 4204 champenoy,
465 4141 514 4189 Les
531 4139 627 4190 cesare.
653 4141 740 4189 Rovue
757 4141 802 4189 des
819 4141 884 4190 deux
901 4141 1016 4203 Mondes,
1035 4137 1109 4188 1837.
