2842 4920
689 390 729 450 93

176 597 273 660 simile
297 604 342 661 est
364 598 423 661 tale
447 599 562 662 fucinus
584 607 788 683 perpetrasse,
811 600 924 664 Tiberii
947 603 1103 686 ingenium
1127 613 1158 670 et
1180 630 1248 670 uar-

175 720 250 786 ratio
284 721 379 786 Taciti
413 721 495 806 ipsa,
529 723 581 807 qui
617 724 737 787 nullum
771 724 855 789 aliud
877 736 1089 810 argumentum
1113 731 1248 795 veneficii

175 847 278 924 affort,
302 847 360 911 nisi
383 846 463 931 quod
487 871 552 911 ossa
575 854 606 911 et
629 848 778 927 carmina,
802 847 911 933 quibus
934 851 1048 915 auimas
1071 853 1247 919 numinibus

89 1006 92 1011 -
173 971 297 1037 infernis
309 972 415 1037 sacrari
427 971 605 1052 crederetur,
624 973 746 1038 inventa
757 981 838 1054 sunt,
851 975 887 1039 de
899 974 1008 1060 quibus
1020 976 1109 1042 rebus
1121 978 1186 1046 Vir.
1199 978 1246 1043 Ol.
1321 986 1325 993 ’

174 1095 307 1163 Karsten
329 1095 362 1159 in
384 1119 438 1160 sua
460 1096 662 1182 disputatione
685 1097 919 1183 locupletissime
941 1101 1012 1184 egit.
1037 1101 1105 1166 Hoc
1126 1110 1246 1167 tautum

174 1219 289 1285 adibam.
314 1221 352 1284 Iu
363 1220 418 1298 iis,
435 1244 512 1305 quae
523 1222 560 1285 de
572 1222 750 1286 Germanico
764 1231 933 1300 narrantur,
947 1224 1050 1290 Tacito
1061 1232 1091 1289 et
1103 1226 1245 1292 Suetonio

175 1367 293 1429 oppono
317 1345 530 1411 Germanicum
553 1347 662 1432 ipsum,
694 1348 747 1432 qui
769 1348 923 1413 Tiberium
947 1349 1136 1415 innocentem
1155 1352 1246 1417 fuisse

174 1468 253 1534 dixit
265 1471 300 1550 ¹),
324 1478 448 1535 matrem
469 1471 650 1551 Germanici,
675 1495 751 1557 quae
771 1495 841 1537 cum
860 1473 978 1538 Tiberio
1000 1473 1120 1560 Capreis
1133 1483 1196 1540 erat
1209 1479 1243 1556 2),

175 1594 335 1659 Claudium
369 1599 492 1661 fratrem
522 1596 711 1676 Germanici,
744 1597 796 1681 qui
825 1597 979 1661 'liberium
998 1621 1114 1683 semper
1136 1599 1168 1663 in
1191 1623 1245 1664 suo

174 1720 341 1806 principatu
376 1720 516 1785 laudabat
536 1727 567 1785 et
586 1722 649 1807 ejus
662 1721 809 1785 orationes
822 1722 940 1786 recitari
950 1721 1077 1808 jubebat
1085 1723 1121 1811 ³).
1143 1724 1244 1811 Sejum

174 1845 375 1923 Tuberonem,
411 1845 464 1930 qui
498 1845 611 1910 amicus
634 1845 820 1924 Germanici,
855 1847 968 1911 amicus
991 1871 1111 1932 quoque
1133 1848 1245 1914 'liberii

174 1972 293 2053 erate),
328 1976 360 2034 et
383 1969 526 2034 Senecam
549 1970 695 2054 denique,
727 1970 779 2056 qui
799 1970 903 2035 laudat
925 1972 1100 2056 patientiam
1125 1973 1188 2059 ejus
1211 1974 1243 2037 in

175 2101 270 2158 morte
292 2093 481 2173 Germanici,
504 2096 584 2179 quod
607 2095 736 2158 stultum
759 2096 880 2173 fuisset,
904 2097 930 2159 si
955 2104 1105 2163 constaret
1124 2097 1243 2163 Tiberio

174 2217 387 2283 Germanicum
410 2220 479 2282 odio
503 2219 593 2283 fuisse
606 2219 641 2306 ⁵).
674 2220 829 2284 Praeterea
852 2219 1016 2284 tenendum
1039 2229 1093 2302 est,
1118 2223 1243 2287 Germa·
1277 2229 1279 2232 ’

175 2344 276 2407 uicum
308 2343 404 2407 filium
428 2366 490 2407 esse
513 2343 624 2422 Drusi,
648 2367 940 2429 quemsummopere
964 2345 1102 2410 Tiberius
1126 2345 1240 2412 dilexit.

219 2467 289 2553 Cap.
317 2470 367 2532 53.
391 2467 528 2532 Tiberius
550 2468 747 2553 vituperatur·
761 2468 799 2534 ob
823 2492 875 2550 ea,
900 2491 976 2554 quae
999 2470 1031 2533 in
1044 2470 1242 2555 Agrippinam

174 2592 252 2657 fecit.
278 2593 327 2656 Arl
350 2615 448 2656 mores
460 2593 643 2679 Agrippinae
655 2594 890 2678 cognoscendos,
911 2601 1016 2679 aptum
1028 2601 1074 2657 est
1082 2593 1242 2680 judicium,

174 2719 254 2803 quod
267 2718 463 2783 Germanicus
475 2719 538 2805 ipse
550 2720 587 2784 de
598 2742 632 2782 ea
647 2719 738 2799 tulit,
758 2719 810 2802 qui
827 2741 891 2783 earu
905 2719 1040 2799 monuit,
1057 2726 1093 2783 ut
1103 2720 1242 2784 ferociam

173 2850 296 2908 exueret
306 2850 338 2908 et
348 2843 492 2908 saevienti
504 2847 641 2908 fortunae
651 2844 787 2908 animum
798 2844 989 2909 submitteret
997 2844 1035 2932 6),
1047 2843 1157 2928 quibus
1169 2868 1239 2909 cum

173 2967 271 3032 Taciti
291 2968 439 3055 judicium
462 2969 616 3054 congruit,
640 2968 694 3054 qui
714 2992 780 3033 eam
793 2967 924 3054 appellat
936 2968 1024 3053 aequi
1035 2968 1241 3058 impatientem

174 3099 204 3156 et
235 3092 408 3157 dominandi
430 3093 592 3172 avidano.
617 3093 825 3178 Quamquam,
846 3099 881 3156 ut
897 3094 960 3179 jam
979 3093 1102 3174 monui,
1135 3093 1171 3156 de
1194 3093 1241 3158 his

173 3217 263 3282 rebus
296 3240 350 3282 nos
382 3218 514 3304 judicare
548 3241 608 3282 non
643 3241 817 3304 possumus,
856 3218 926 3303 quia
960 3217 1130 3299 nescimus,
1165 3241 1242 3302 quae

174 3392 367 3400 ———————-

209 3494 230 3558 1)
246 3495 303 3544 Tac.
322 3495 387 3544 Anu.
406 3496 427 3544 ll
445 3495 488 3544 7¹1.

207 3598 227 3658 l)
247 3598 313 3647 Flav.
330 3598 380 3648 los
399 3596 446 3657 18,
465 3597 492 3654 6,
511 3595 534 3646 6.

208 3699 230 3763 ³)
247 3698 316 3749 Suet.
334 3699 422 3750 Claud.
440 3698 484 3748 ll.
507 3698 552 3747 Dio
570 3698 613 3747 Lx
630 3696 674 3747 10.
747 3756 751 3765 ,

209 3801 232 3864 ⁴)
249 3802 307 3852 Tac.
325 3802 391 3850 Anu.
409 3800 493 3863 1120,
512 3802 544 3851 lV
561 3798 606 3851 29.
928 3864 931 3869 y

208 3905 230 3969 5)
248 3903 306 3954 Seu.
324 3904 398 3954 Cous.
416 3905 447 3954 ad
465 3905 540 3954 Marc.
558 3905 602 3954 XV
620 3903 647 3965 l,
666 3903 739 3953 Cous.
756 3904 788 3953 ud
807 3903 921 3970 Porrv
938 3902 962 3952 5.

207 4005 229 4070 ⁰)
247 4006 305 4056 Tac.
323 4006 388 4056 Anu.
406 4006 493 4056 1172.

210 4109 744 4177 ⁷)rae.lnn.110,1vrn,eave,
764 4108 854 4161 vr31.
929 4169 932 4177 Ι
