2842 4920
675 382 716 443 53

206 588 279 654 Non
294 597 340 654 cst
359 591 530 674 negandum
549 590 598 672 id,
620 591 700 677 quod
711 593 781 658 fidei
792 592 952 657 historicae
962 594 1122 672 noceatssi
1133 601 1229 658 artem

160 713 257 778 Taciti
277 713 487 799 respiciamus,
510 714 598 780 nobis
619 715 745 802 placere.
772 717 804 780 Si
822 739 869 781 res
881 721 980 802 gestas
992 725 1110 797 narrat,
1133 717 1228 783 delco·

160 844 276 923 tamur,
312 838 338 902 si
370 839 494 903 intimas
525 840 720 925 cogitationes
754 848 784 905 et
814 863 982 923 sermones,
1007 842 1116 927 quibus
1139 865 1228 907 nomo

159 963 317 1044 interfuit,
345 964 473 1051 inopus
489 988 578 1030 suum
597 966 722 1048 inserit,
745 966 783 1030 ab
807 967 934 1031 historia
956 966 1084 1051 quidcm-
1101 968 1226 1033 discedit

161 1093 314 1172 etgarus,
337 1090 418 1175 quod
440 1090 545 1155 hodie:
573 1091 815 1167 '‘romanticum’'
823 1092 1024 1178 appellamus,
1042 1096 1157 1178 profert
1176 1093 1227 1157 sed

160 1212 383 1298 compositionis
402 1221 496 1279 artem
515 1239 576 1279 non
589 1216 731 1281 admirari
742 1240 804 1280 non
814 1239 983 1301 possumus.
1008 1217 1132 1302 Semper
1141 1218 1225 1283 Taci-

158 1343 226 1400 tum
236 1336 381 1421 legemus,
391 1361 582 1424 sempcrcum
590 1347 746 1425 tamquam
756 1341 920 1427 principem
929 1341 1107 1426 scriptorum
1116 1341 1224 1407 Roma-

158 1481 267 1525 norum
289 1461 398 1528 aetatis
419 1462 626 1549 imperatoriae
635 1465 784 1545 colemus,
807 1486 923 1551 semper
934 1465 1143 1530 confitebimur
1154 1489 1225 1530 eum

158 1587 323 1652 maximum
349 1589 495 1674 pictorem
519 1591 707 1675 antiquitatis
733 1611 814 1670 esse*;
848 1592 901 1656 sed
921 1592 1083 1657 historicus
1104 1599 1225 1657 tanturn

157 1713 275 1796 quaerit
286 1713 443 1779 veritatem
448 1764 457 1793 ,
470 1738 546 1800 quae
557 1722 621 1780 arte
632 1715 782 1781 rhetorica
791 1717 1001 1802 corrumpitur.
1023 1716 1224 1781 Pulchritudo

157 1842 187 1899 et
209 1837 318 1902 veritas
335 1861 406 1903 sane
423 1862 484 1903 non
496 1847 568 1906 sunt
587 1862 633 1904 res
653 1839 867 1920 dissociabiles,
887 1841 939 1905 sed
949 1847 1051 1905 tamen
1062 1840 1224 1906 admodum

155 1963 242 2045 pauci
264 1962 471 2049 reperiuntur,
495 1963 548 2048 qui
570 1971 697 2048 utraque
716 1965 923 2046 marcellam,
948 1988 1077 2050 quorum
1095 1988 1222 2031 numero

156 2085 293 2151 Tacitum
312 2086 459 2152 ascribere
469 2110 531 2151 non
541 2109 711 2174 possumus,
737 2087 823 2152 Dabo
835 2088 988 2174 exempla,
1008 2088 1062 2153 ubi
1072 2089 1222 2177 rhetorica

156 2211 276 2276 veritati
297 2234 404 2277 nocere
424 2212 552 2277 videtur.

201 2337 292 2402 Liber
311 2339 328 2402 I
351 2345 382 2403 et
404 2338 449 2403 H.
473 2338 642 2425 Descriptio
664 2338 815 2404 tumultus
837 2339 870 2403 in
888 2339 1050 2406 Germania
1071 2347 1102 2406 et
1120 2363 1222 2405 rerum

155 2469 310 2548 gestarum
329 2462 520 2543 Germanici,
539 2486 615 2548 quae
634 2486 861 2547 nonnumquam
872 2464 957 2528 velut
972 2486 1091 2528 carmen
1102 2463 1222 2550 epicum

155 2571 262 2665 sonat,
296 2611 324 2652 v.
349 2610 374 2652 c.
399 2587 417 2652 I
441 2590 492 2652 25.
531 2586 604 2652 uIlli
638 2586 777 2673 quotiens
800 2587 903 2652 oculos
932 2588 970 2652 ad
993 2587 1221 2652 multitudinem

154 2712 352 2792 rettulerant,
375 2711 499 2777 vocibus
520 2712 701 2777 truculentis
725 2719 869 2798 strepere,
887 2734 1007 2778 rursum
1019 2712 1083 2777 viso
1094 2712 1220 2777 Caesare

152 2837 301 2924 trepidare
306 2864 316 2916 3
342 2860 480 2902 murmur
502 2837 669 2916 incertum,
693 2845 779 2903 atrox
797 2836 953 2901 clamoret
973 2844 1095 2923 repente
1115 2838 1219 2922 qnies;

153 2962 277 3028 diversis
289 2962 458 3027 animorum
469 2961 602 3027 motibus
614 2960 759 3049 parebant
770 2959 1012 3045 terrebantque'’.
1023 2961 1052 3025 ·Ι
1065 2965 1116 3026 65.
1133 2961 1219 3025 nDu-

153 3109 278 3172 cemque
298 3087 407 3151 terruit
429 3087 494 3152 dira
515 3086 616 3171 quies:
641 3108 711 3150 nam
734 3085 921 3167 Quintilium
936 3084 1052 3148 Varum
1072 3085 1218 3171 sanguino

153 3210 283 3277 oblitum
299 3220 330 3277 et
347 3211 510 3298 paludibus
526 3234 676 3276 emersum
692 3234 811 3277 cernere
826 3219 858 3276 et
869 3210 1064 3275 audirerisus
1076 3219 1122 3276 est
1133 3212 1218 3276 velut

152 3337 339 3403 vocantem’'.
364 3337 400 3402 Π
424 3340 474 3402 19.
499 3336 612 3413 '‘Haud
622 3336 745 3423 perinde
757 3337 923 3401 Germanos
934 3335 1078 3415 vulnera,
1098 3328 1217 3416 luctus,

156 3460 270 3542 excidia
289 3484 380 3547 quam
399 3484 433 3526 ea
451 3462 562 3547 species
579 3462 655 3546 (scil.
668 3469 824 3547 tropaeum
840 3485 858 3525 a
878 3459 1059 3524 Germanico
1071 3458 1216 3547 erectum)

153 3586 254 3649 dolore
275 3591 305 3649 ct
327 3585 372 3650 ira
393 3584 524 3651 affecit”.
549 3585 589 3650 In
611 3584 660 3650 his
682 3584 821 3650 omnibus
843 3607 891 3649 ars
903 3583 1012 3648 eximia
1023 3581 1215 3668 conspicitur,
1241 3569 1243 3574 ¹

153 3733 230 3795 quae
251 3715 353 3774 tamen
375 3709 495 3774 veritati
517 3715 614 3774 nocet.

195 3833 231 3899 H
254 3836 308 3898 40.
332 3833 609 3921 Pseudo-Agrippa
624 3833 860 3919 conjurationem
870 3832 946 3912 init,
961 3852 1050 3908 noum
1062 3827 1217 3894 Tiberium

151 3982 257 4046 anceps
279 3981 351 4024 cura
373 3957 555 4039 distrahere,
578 3957 648 4024 vinc
670 3956 802 4022 militum
825 3978 944 4023 servum
967 3978 1057 4020 suurn
1068 3958 1216 4019 coerceret

150 4108 188 4149 an
211 4084 332 4150 inanem
355 4083 565 4149 credulitatem
587 4089 723 4168 tempore
738 4081 803 4167 ipso
814 4104 972 4148 vanescere
982 4080 1105 4145 sineret:
1127 4075 1216 4142 modo
