2842 4920
650 393 713 466 10'7

181 614 282 678 'LVII
318 618 367 679 19.
405 615 451 678 De
484 621 579 678 morte
615 614 788 678 Germanici
819 613 854 676 ad
879 615 962 678 Suet.
988 613 1054 677 Tib.
1083 618 1133 679 52.
1164 611 1216 686 pei

147 739 215 824 quis
245 739 325 823 quid
340 739 371 802 in
395 724 483 816 euin,
507 739 681 822 Augustum
707 737 756 802 vel
779 738 898 802 Liviam
922 736 1055 817 dicebat,
1079 736 1217 801 Tiberius

144 864 328 928 severissime
349 862 581 941 ulciscebatur'’‚
604 863 685 947 quod
708 886 768 927 non
791 885 896 930 verum
919 885 982 925 esse
1004 885 1041 925 ex
1064 861 1209 925 Tacitoet

148 988 292 1052 Suetonio
304 989 328 1072 1)
352 991 450 1073 patet,
484 986 538 1051 ubi
559 988 730 1052 invenimus
766 1011 835 1051 eum
869 987 901 1051 in
932 1010 962 1050 sc
985 989 1061 1072 jacta
1084 986 1215 1050 noluisse

148 1112 185 1176 ad
208 1113 410 1198 cognitionem
432 1113 542 1177 vocari

192 1238 288 1302 Miror
298 1237 429 1302 Dionem
441 1238 625 1321 vituperare,
642 1236 722 1321 quod
734 1238 864 1322 praemia
876 1225 1099 1301 accusatoribus
1112 1236 1213 1299 decer-

151 1354 281 1441 nantur,
300 1361 380 1446 -quia
407 1361 517 1425 hocin
536 1362 667 1446 antiquis
683 1360 855 1426 civitatibus
875 1383 990 1445 semper
1009 1360 1073 1424 fieri
1093 1360 1215 1424 solebat.

148 1487 233 1551 Idem
256 1496 356 1551 tamen
380 1487 460 1566 apud
483 1487 662 1551 Suetonium
685 1509 805 1572 quoque
828 1484 974 1571 reponitur
988 1487 1024 1572 5²).

153 1628 154 1631 ’
192 1611 307 1674 Rumor
330 1610 367 1674 de
390 1610 514 1695 Sejano,
538 1632 627 1694 quem
652 1611 773 1675 Tacitus
786 1610 812 1699 8)
836 1611 886 1674 his
899 1610 996 1675 verbis
1008 1610 1116 1674 tradit:
1133 1634 1214 1674 cnon

148 1735 212 1799 sine
233 1757 352 1799 rumore
376 1735 482 1820 Apicio
499 1742 640 1820 stuprum
653 1758 729 1798 veno
742 1734 890 1814 dedisse’',
914 1734 993 1820 apud
1006 1736 1137 1799 Dionem
1154 1736 1217 1820 jam

151 1869 305 1944 tamquam
328 1883 360 1924 re
384 1855 453 1924 vera
475 1863 588 1924 factum
612 1860 732 1944 legitur.

194 1985 317 2071 Sejanus
340 2007 377 2049 ex
399 1984 598 2049 similitudine
617 2009 735 2048 morum
742 1985 855 2050 Tiberii
867 1975 979 2050 amicus
991 1985 1212 2049 fuisscdicitur.

148 2110 219 2175 Una
248 2116 351 2174 tamen
382 2132 415 2173 re
450 2111 578 2173 maxime
608 2110 763 2189 differunt,
792 2111 873 2195 qnod
898 2110 1025 2195 Sejanus
1050 2112 1126 2174 mira
1151 2117 1216 2174 arte

149 2235 307 2298 hominum
329 2234 428 2298 studia
450 2234 507 2298 sibi
530 2235 708 2299 conciliandi
731 2235 882 2319 praeditus
902 2244 982 2313 erut,
1007 2235 1215 2323 quuTiberius

149 2358 268 2424 carebat
275 2385 284 2436 ;
303 2359 425 2424 Tacitus
437 2359 545 2445 Sejano
557 2359 647 2423 etiam
659 2359 899 2437 simulationem,
920 2383 980 2444 quo
994 2360 1067 2424 vitio
1080 2359 1216 2423 Tiberius

152 2483 280 2548 maxime
299 2484 326 2548 ei
348 2483 483 2548 laborare
505 2483 634 2560 videtur,
654 2483 759 2569 objicit
770 2486 806 2567 4).

194 2607 286 2670 LVII
310 2610 360 2672 21.
378 2607 577 2671 .Architectus
599 2607 749 2692 porticum
770 2614 951 2671 sustentasse
970 2614 1000 2670 et
1013 2630 1047 2671 ea
1061 2629 1093 2670 re
1105 2606 1218 2671 Tiberii

148 2732 293 2797 invidiam
315 2731 510 2796 commovisse
533 2730 652 2794 dieitur.
678 2731 737 2795 Illa
748 2732 863 2796 invidia
875 2755 936 2797 non
946 2731 980 2795 in
991 2731 1104 2796 Tiberii
1117 2754 1215 2795 mores

149 2857 246 2936 cadIt,
271 2855 394 2920 memini
413 2878 461 2919 me
485 2855 583 2919 simile
604 2855 755 2939 quoddam
775 2855 812 2919 de
824 2855 977 2920 Hadriano
989 2857 1106 2941 legere,
1131 2857 1218 2942 cujus

151 2981 272 3066 ingenio
305 2980 364 3045 hoo
399 2980 493 3065 magis
527 2981 668 3065 congruit
681 2983 711 3065 ⁵).
750 2981 829 3043 Tum
865 2981 1046 3046 architectus
1075 2982 1218 3068 poculum

151 3105 280 3169 vitreum
292 3105 435 3191 dejecisse
446 3113 476 3170 et
488 3127 583 3190 quum
595 3112 785 3189 rumperetur
797 3106 935 3171 refecisse
946 3107 1057 3172 dicitur
1069 3135 1078 3187 3
1099 3107 1217 3172 Plinius

152 3228 225 3292 dioit
246 3235 348 3294 tamen
372 3232 482 3294 famam
504 3230 684 3294 crebriorem
707 3252 798 3313 quam
822 3230 979 3294 certiorem
1003 3235 1111 3310 esseI).

197 3352 289 3417 LVII
303 3359 354 3420 22.
378 3354 438 3417 Dio
461 3353 565 3419 scribit
582 3354 718 3417 Drusum
741 3354 884 3439 injuriam
903 3356 1040 3442 aSejano
1052 3356 1217 3442 accepisse:

187 3593 207 3658 1)
225 3594 286 3643 Tac.
309 3595 375 3642 Ann.
393 3594 404 3642 Ι
423 3593 466 3656 72,
485 3593 564 3643 1150.
583 3593 652 3644 Suet.
671 3593 715 3643 28.

184 3696 206 3760 π)
224 3694 297 3745 Suet.
312 3696 368 3746 Tib.
387 3695 427 3746 61.

186 3797 540 3861 ³)Tao.Ann.IV1..'
701 3841 703 3845 ⁷

186 3899 208 3964 ⁴)
226 3900 283 3950 Tac.
301 3901 367 3950 Ann.
384 3900 417 3951 IV
434 3899 457 3950 1.

187 4002 210 4065 ⁵)
226 4003 272 4053 Dio
289 4003 370 4053 LXIX
387 4003 410 4053 3.
429 4004 453 4054 4.
922 4050 929 4057 .
960 4048 962 4053 .
1085 4045 1089 4054 .

191 4106 212 4171 ⁶)
229 4105 292 4156 Plin.
309 4107 367 4157 Nat.
385 4106 447 4157 Hist.
466 4106 567 4158 XXXVI
584 4105 625 4158 61.
643 4106 678 4157 Cf.
700 4109 767 4156 Petr.
786 4106 837 4158 Sat.
857 4108 898 4160 51.
917 4109 973 4159 Isid.
990 4110 1048 4160 XVI
1058 4109 1104 4160 15.
