2842 4920
672 401 710 465 81

196 617 278 681 Suet.
295 616 362 680 Tib.
377 619 428 681 53.
457 614 645 700 ulmputavit
666 615 774 694 etiam,
797 615 879 699 quod
901 637 962 678 non
984 614 1091 698 laqueo
1118 620 1214 678 stran-

153 743 288 827 gulatam
308 743 342 806 in
366 741 527 806 Gemonias
550 739 717 826 abjecerat'’
735 746 766 804 et
787 740 854 804 Tae.
880 741 960 805 Anu.
975 739 1023 802 VI
1036 742 1087 802 31.
1105 737 1225 815 ,tacta-

153 868 273 951 vitque‚
306 866 387 950 quod
420 888 482 928 non
512 864 619 950 laqueo
649 865 851 950 strangulata,
885 887 983 948 neque
1005 863 1038 926 in
1061 863 1226 927 Gemonias

153 995 283 1077 projecta
299 990 422 1055 fuerit''.
448 989 506 1054 Sed
527 990 596 1075 quis
616 1013 678 1054 non
699 991 743 1054 ita
765 988 923 1074 loquitur?

200 1117 282 1180 Suet.
306 1115 374 1181 Tib.
400 1118 450 1179 58.
477 1114 683 1178 uOonsulente
704 1121 840 1200 praetore
861 1137 900 1178 an
921 1113 1033 1200 judicia
1057 1114 1224 1199 majestatis

154 1240 221 1325 cogi
230 1240 360 1327 juberet,
383 1238 558 1302 exercendas
577 1238 657 1323 leges
683 1261 746 1302 esse
759 1238 942 1323 respondit'’.
962 1238 1031 1302 Tae.
1045 1239 1126 1302 Anu.
1140 1238 1157 1300 I
1171 1242 1228 1304 72:

157 1364 365 1440 ,seonsultante
389 1363 532 1448 Pompejo
554 1362 657 1426 Macro
687 1368 839 1448 praetore,
871 1385 910 1427 an
930 1360 1043 1446 judicia
1064 1362 1227 1448 majestatis

154 1490 365 1568 redderentur,
397 1487 576 1552 exercendos
611 1488 691 1572 leges
715 1511 778 1552 esse
801 1489 986 1574 respondit''.
1013 1489 1093 1570 Quia
1116 1512 1227 1554 nornen

153 1616 255 1680 omisit
278 1614 457 1691 Suetonius,
481 1612 649 1677 similitudo
672 1613 796 1677 fortuitu
820 1636 883 1677 esse
906 1613 1035 1678 videtur.

199 1741 281 1803 Suet.
305 1738 372 1802 lib.
409 1741 458 1802 61.
500 1736 681 1823 pObjeotum
705 1745 750 1801 est
772 1737 939 1818 historico,
982 1738 1064 1823 quod
1095 1738 1228 1803 Brutum

155 1865 351 1948 Cassiumque
374 1863 501 1927 ultimos
524 1863 729 1927 Rornanorum
754 1863 908 1930 dixisset’'.
935 1864 1004 1928 Tae.
1018 1865 1099 1929 Arm.
1115 1863 1162 1927 IV
1175 1868 1227 1931 34.

156 1989 350 2066 „Cremutius
363 1988 478 2052 Cordus
490 1989 673 2074 postuletur,
687 1989 767 2073 quod
780 1989 868 2054 editis
876 1988 1035 2054 annalibus
1044 1989 1227 2072 laudatoque

155 2114 198 2178 M.
221 2115 317 2178 Bruto
342 2113 376 2178 O.
402 2112 539 2176 Gessium
562 2112 767 2177 Romanorum
790 2114 936 2178 ultimum
959 2114 1113 2179 dixisset&
1149 2115 1229 2194 Quia

160 2238 322 2302 Suetonius
345 2261 455 2302 nomen
478 2237 625 2301 Cremutii
648 2237 757 2316 Cordi,
779 2261 869 2325 quem
886 2246 1039 2304 auctorem
1051 2239 1110 2304 alio
1122 2240 1187 2303 loeo
1201 2239 1227 2327 1)

157 2362 278 2440 laudat,
303 2362 535 2448 praetermittit,
555 2363 618 2428 veri
641 2362 738 2426 simile
761 2370 807 2428 est
830 2352 900 2427 euin
923 2362 980 2429 hoo
1003 2364 1069 2428 looo
1091 2364 1231 2429 Tacitum

157 2509 218 2549 non
235 2479 412 2572 inspexisse.
1192 2549 1194 2553 ,

201 2610 284 2675 Suet.
308 2610 375 2677 Tib.
400 2614 452 2677 67.
489 2613 656 2679 Notissima
691 2615 820 2700 epistula
853 2614 966 2679 Tiberii
1002 2614 1041 2677 ad
1073 2621 1230 2695 senatum,

156 2758 251 2820 paene
280 2735 384 2799 iisdem
415 2736 515 2800 verbis
546 2738 626 2823 apud
656 2738 726 2803 Tae.
751 2740 833 2805 Anu.
857 2739 904 2803 VI
930 2743 988 2818 123
1012 2740 1036 2802 si
1058 2740 1118 2825 jam
1142 2739 1230 2824 plane

158 2859 268 2923 similes
292 2867 408 2939 essent,
432 2861 490 2925 hoe
511 2861 565 2925 tuli
587 2861 620 2925 in
642 2885 674 2926 re
696 2863 811 2926 nullius
834 2871 911 2927 esset
935 2865 1089 2927 momenti.

203 2985 365 3050 Suetonius
389 3007 460 3070 ergo
485 2986 560 3049 mihi
583 2986 700 3050 videtur
713 3010 774 3051 non
794 2987 883 3051 modo
894 2987 1032 3051 Tacitum
1055 2986 1230 3052 adhibuisse

161 3110 214 3173 sed
237 3132 275 3174 ne
297 3109 402 3173 iisdem
427 3109 550 3194 quidem
567 3109 702 3175 fontibus
713 3134 786 3174 usus
803 3134 879 3189 esse,
904 3110 1015 3197 quibus
1026 3111 1147 3176 Tacitus
1158 3134 1230 3176 usus

159 3241 212 3299 est.
251 3235 321 3314 Quo
356 3241 458 3298 tumen
492 3258 553 3299 non
587 3235 716 3299 efficitur
745 3235 899 3301 Tiberium
933 3237 971 3300 ad
993 3237 1151 3303 veritatem
1180 3237 1232 3301 de·

159 3357 303 3444 scriptum
337 3380 401 3422 esse
412 3385 422 3438 3
460 3381 591 3445 namque
614 3359 711 3445 primo
734 3362 830 3447 eapite
852 3362 1058 3426 condicionem
1081 3361 1230 3442 fontium,

159 3481 267 3565 quibus
301 3493 332 3547 et
365 3481 488 3547 Tacitus
522 3491 553 3548 et
575 3484 737 3550 Suetonius
760 3486 807 3551 uti
828 3485 999 3572 potuerint,
1023 3507 1085 3548 non
1109 3485 1230 3549 veritati

159 3605 355 3672 inveniendae
378 3607 519 3673 idoneam
540 3609 632 3673 fuisse
657 3610 783 3675 ostendi.

204 3731 295 3817 Apud
323 3731 504 3798 Suetonium
537 3735 691 3820 complura
722 3735 929 3821 reperiuntur,
962 3759 1039 3822 quae
1074 3736 1131 3801 etsi
1153 3740 1231 3801 ref·

160 3856 218 3920 tari
251 3879 311 3920 non
342 3865 485 3942 possunt,
519 3865 621 3923 tamen
643 3859 714 3944 quia
736 3882 773 3924 ex
795 3860 967 3926 rumoribus
990 3861 1038 3926 vel
1061 3885 1098 3926 ex
1120 3861 1231 3926 libellis

171 4020 252 4027 ...-
278 4021 371 4028 -.--.—-

197 4114 217 4180 ¹)
235 4114 303 4165 Suet.
323 4116 387 4182 Aug.
405 4115 446 4166 35.
