2842 4920
667 397 706 460 75

153 630 229 692 quae
240 607 330 672 verba
340 607 463 672 Tacitus
477 607 513 671 de
525 606 644 672 Tiberio
656 606 796 672 adhibuit
808 609 844 688 ¹),
856 630 910 670 nos
921 607 953 671 in
966 607 1105 672 Tacitum
1117 607 1219 692 ipsum

153 741 381 798 convertamus:
409 732 670 807 „miraracitum
694 732 825 798 tristiora
851 732 958 813 mallo,
982 754 1077 817 quum
1098 732 1222 796 meliora

153 858 264 922 sciret’'
288 856 340 920 sed
364 857 456 922 malas
478 857 679 922 artes-Tiberii
691 857 815 942 arripit,
838 856 931 920 bonas
944 856 1100 922 obtrectat.
1131 857 1222 937 Quod

154 981 281 1045 maxime
299 988 396 1046 aetate
403 1031 413 1060 ,
437 1004 497 1066 qua
510 983 640 1060 viveret,
666 981 995 1047 factumesscostendi.
1020 983 1062 1046 At
1073 983 1173 1059 enim,
1196 983 1222 1046 si

153 1129 256 1170 omues
274 1106 356 1170 locos
375 1129 601 1190 enumeramus,
621 1129 731 1192 paucos
742 1105 930 1184 invenimus,
943 1105 997 1170 ubi
1009 1128 1057 1183 ea,
1073 1127 1149 1191 quae
1160 1128 1222 1169 uon

153 1236 270 1294 constat
289 1232 366 1294 facta
389 1253 453 1295 esse
474 1253 528 1316 pro
547 1231 632 1294 tactis
651 1230 711 1294 dat.
736 1230 794 1295 Sed
817 1230 1039 1314 magniretert,
1060 1252 1120 1314 quo
1133 1229 1221 1293 modo

153 1377 288 1438 quaeque
305 1331 474 1432 narrentur,
492 1355 585 1418 immo
602 1353 703 1419 omnia
717 1353 787 1418 inde
797 1354 937 1440 pendent.
963 1353 1085 1419 Etenim
1097 1353 1150 1418 ubi
1161 1355 1222 1418 duo

153 1477 294 1541 homines
307 1477 413 1543 dicunt
424 1477 513 1562 idem,
526 1501 612 1564 saepe
622 1501 683 1570 non
695 1484 741 1542 est
751 1478 840 1542 idem.
854 1477 922 1542 Hoc
933 1479 1081 1565 inprimis
1093 1479 1173 1543 valet
1184 1478 1222 1542 dc

151 1603 290 1689 judiciis,
314 1625 391 1688 quae
414 1603 535 1668 Tacitus
559 1604 652 1669 tradit
675 1610 703 1666 et
728 1603 764 1667 de
787 1602 943 1681 omnibus,
969 1626 1045 1689 quae
1065 1603 1222 1687 ergaGer·

155 1729 306 1792 monicum
330 1735 360 1791 et
382 1727 579 1814 Agrippinam
601 1727 739 1793 Tiberius
765 1729 868 1794 fecisse
891 1727 1010 1793 dicitur.
1036 1729 1164 1792 Utinam
1186 1727 1222 1792 dc

154 1853 201 1917 his
236 1852 324 1917 rebus
354 1852 441 1917 nobis
464 1852 568 1947 liceret
589 1853 712 1917 altera-m
735 1875 855 1937 quoque
878 1859 994 1939 partem
1017 1852 1127 1918 audire.
1164 1852 1223 1917 Tot

151 1977 263 2063 judicia
285 1977 492 2063 reperiuntur,
515 1977 569 2041 ubi
592 2000 630 2041 ne
652 1977 777 2042 crimina
799 1976 921 2062 quidem
946 1985 1120 2057 narrantur;
1145 2002 1221 2064 quae

154 2103 320 2189 Agrippina
342 2110 446 2168 contra
468 2091 622 2167 Tiberium
652 2103 742 2183 fecit,
765 2102 889 2167 Tacitus
913 2102 1034 2182 reticet,
1056 2103 1089 2166 in
1112 2102 1222 2188 quibus

155 2227 259 2292 nobis:
282 2251 363 2293 anon
378 2227 495 2312 liquet''
509 2228 667 2292 dicendum
679 2235 732 2292 cst.
747 2226 797 2291 Ne
812 2227 913 2292 omnia
924 2228 1090 2306 credamus,
1102 2227 1224 2293 obstant

154 2351 199 2416 illi
221 2352 294 2431 loci,
318 2352 371 2418 ubi
394 2375 464 2417 eum
487 2376 504 2416 a
526 2353 652 2418 veritate
675 2351 832 2416 deflexisse
844 2350 978 2415 videmus
984 2378 993 2430 3
1017 2351 1221 2430 obstatratio,

154 2498 214 2560 qua
234 2476 406 2541 rumoribus
428 2467 501 2541 usus
524 2477 572 2541 sit.
597 2476 811 2563 Compluribus
834 2475 930 2560 igitur
940 2475 1006 2540 aliis
1018 2498 1138 2561 quoque
1148 2475 1222 2540 locis

155 2601 241 2665 nobis
264 2601 401 2666 dubitare
423 2624 598 2666 concessum
622 2608 684 2681 est,
707 2623 782 2686 quos
806 2600 866 2665 huc
889 2623 950 2665 non
974 2598 1081 2679 attuli3
1109 2600 1160 2665 sed
1185 2623 1223 2664 ex

156 2726 237 2805 illis,
261 2751 338 2812 quae
350 2734 428 2792 certa
439 2733 525 2808 sunt,
549 2726 586 2791 de
597 2727 722 2812 reliquis
733 2728 933 2813 conjecturam
944 2730 1040 2791 facere
1051 2747 1221 2811 possumus.

179 2942 209 3002 '1)
228 2941 286 2991 Tac.
304 2941 369 2990 Anu.
387 2940 418 2990 lV
435 2937 476 2990 31.
