2842 4920
693 348 733 407 26

176 565 252 641 <prot
273 564 304 621 et
326 564 452 641 (irrentus
475 564 583 622 nutura
606 557 740 622 mortalis
761 558 868 643 recipit
887 559 935 624 vel
947 558 1095 624 industria
1106 562 1257 648 percipit,

177 705 294 746 rncrurn
318 682 443 747 dulcedo
466 681 655 747 inimitabilis
668 683 915 752 fuissedtcitur.”
940 684 1075 771 Vellejus
1088 685 1256 753 manifesto

175 815 352 893 exaggerat,
376 808 427 871 sed
451 814 553 871 tamen
568 807 689 871 Tacitus
714 831 834 893 alnoque
857 816 888 873 et
907 808 1072 874 Suetonius
1092 832 1165 875 eum
1183 811 1255 877 lau·

176 932 249 996 dant
262 935 283 1015 1)
308 939 340 995 et
361 931 490 1015 gratiae,
514 953 574 1015 qua
596 931 738 1010 florebat,
763 932 881 996 nullum
904 940 950 997 est
961 934 1075 999 certius
1086 933 1251 1014 indicium,

176 1077 266 1139 quum
301 1055 382 1139 quod
415 1054 575 1119 consilium
597 1056 624 1119 ei
647 1056 829 1121 attributum
852 1065 897 1121 est
920 1060 1048 1122 formam
1069 1058 1180 1123 veteris
1203 1059 1251 1125 rei

174 1179 312 1264 publicus
334 1179 522 1245 restituendi.

220 1304 373 1390 Vellejum
396 1328 457 1368 non
480 1328 550 1370 vera
572 1305 675 1390 loqui,
710 1308 735 1371 si
758 1307 893 1371 Drusum
917 1306 1095 1372 domitorem
1119 1307 1249 1373 Germa·

175 1430 242 1493 niae
263 1430 412 1515 appellnt,
437 1429 533 1507 bella,
554 1452 631 1514 quae
657 1439 758 1496 secuta
784 1440 876 1512 sunt,
899 1432 1074 1497 ostendunt.

220 1554 256 1619 II
292 1558 341 1620 99.
386 1554 454 1619 Hoc
488 1555 585 1640 capite
618 1556 799 1620 offendimur
833 1556 970 1621 oratoriis
1003 1556 1181 1622 calamistris
1215 1565 1250 1623 et

175 1679 372 1763 quibusdam,
397 1703 473 1764 (luae
495 1703 556 1744 non
579 1703 647 1745 vora
669 1688 751 1747 sunt.
777 1681 872 1745 Valde
894 1681 1022 1745 ridicule
1046 1681 1247 1763 suntvcrba,

176 1827 253 1887 qum
275 1804 363 1867 initio
386 1804 423 1867 de
444 1803 566 1868 'liberio
589 1803 732 1889 legimus:
760 1806 892 1881 ,scivium
913 1813 982 1891 post
1004 1829 1101 1870 unum
1124 1806 1245 1885 etheo,

175 1932 245 2016 peda
270 1932 390 2007 uolebat,
425 1929 715 1993 eminerrtissimus.”
750 1930 829 1993 Tum
853 1928 989 2014 Vellcjus
1012 1929 1049 1993 de
1070 1952 1189 1995 secessu
1211 1932 1247 1996 in

176 2055 283 2119 Rhodo
316 2056 397 2139 agit,
429 2055 466 2118 de
504 2055 590 2139 cujus
631 2077 720 2119 cause
741 2054 820 2118 inter
852 2061 989 2119 auctores
1019 2077 1081 2118 non
1115 2062 1243 2121 constet

177 2179 312 2264 Vellejus
335 2179 409 2243 dicit
424 2202 493 2244 eum
514 2180 668 2243 secessisse
679 2188 801 2265 propter
814 2186 936 2263 nepotes
950 2179 1101 2264 Augusti,
1120 2178 1246 2245 Tacitus
1336 2222 1339 2228 ·

176 2312 300 2389 propter
322 2304 437 2367 dulium
450 2303 487 2389 ⁹).
518 2303 680 2366 Suetonius
699 2304 801 2389 plures
820 2306 1046 2382 commodent,
1069 2304 1117 2369 vel
1140 2305 1245 2369 uxoris

175 2428 309 2493 taedium
333 2428 381 2493 vel
404 2437 439 2491 ut
461 2427 669 2493 auctoritatem
691 2428 826 2492 absentia
842 2436 979 2493 tueretur
990 2429 1039 2493 vel
1057 2428 1189 2513 denique
1204 2453 1246 2495 ne

175 2552 336 2638 nepotibus
371 2551 505 2636 Augusti
535 2551 667 2616 obstaret
690 2553 726 2637 8).
750 2551 810 2615 Dio
833 2553 922 2616 dicit:
956 2553 1130 2627 ''verissima
1153 2575 1245 2620 eausa

176 2690 222 2743 est
249 2679 329 2764 quod
353 2678 512 2764 nepotibus
536 2676 673 2741 obstabat
685 2704 694 2755 3
728 2677 859 2740 truditur
883 2697 1003 2759 quoque
1025 2675 1180 2741 Tiberium
1203 2677 1244 2743 ob

178 2828 301 2869 uxorein
335 2803 475 2869 abiisse’'.
511 2803 550 2867 In
585 2802 632 2866 bis
665 2800 963 2866 animadvertendum
993 2810 1038 2864 est
1062 2800 1243 2866 Suetonium

175 2930 273 2994 (licere
305 2929 460 2993 Tiberium
484 2929 584 3013 ipsum
610 2932 713 3012 postea
736 2926 845 2988 dixisse
868 2948 900 2987 se
921 2924 953 2988 id
975 2933 1096 3009 propter
1117 2932 1244 3009 nepotes

176 3056 279 3118 rentes
308 3062 337 3117 ct
369 3077 439 3117 curn
461 3052 581 3116 'liberio
604 3050 757 3135 Vellejum
780 3049 963 3133 conspirare,
998 3047 1149 3111 dicentem
1170 3070 1243 3113 eum

176 3178 251 3243 rninr
283 3177 412 3261 quaulurn
446 3187 475 3240 et
510 3174 680 3239 incredibili
707 3181 799 3257 atque
821 3170 1016 3236 inenarrabili
1038 3172 1150 3255 pietate
1173 3172 1241 3237 obs·

174 3303 314 3379 cessisse,
348 3324 385 3365 ne
408 3301 509 3386 fulgor
531 3325 604 3365 suus
627 3300 789 3365 orientium
809 3300 957 3383 juvenum
978 3294 1109 3359 obstaret
1132 3295 1241 3363 initiis.

175 3426 367 3504 Ridiculum,
390 3434 436 3490 est
458 3426 539 3510 quod
551 3426 686 3511 l'ellejus
711 3424 782 3489 dicit
799 3421 954 3487 [liberium
976 3426 1122 3504 nepotum
1142 3421 1241 3503 grstia

173 3552 205 3616 id
224 3552 330 3615 fauisse
345 3551 486 3635 quodque
504 3552 692 3618 ‹rcmsicnern
709 3556 809 3634 enptut
819 3544 972 3610 liberium
986 3541 1136 3606 lnudsndi.
1160 3542 1241 3607 Vere
1336 3550 1339 3555 '

210 3756 230 3817 ¹)
247 3755 304 3804 Tne.
322 3755 388 3806 nnn.
406 3754 558 3805 133.Suer.
576 3755 662 3805 Claud.
680 3753 705 3803 ¹l.

206 3858 229 3920 ²)
246 3857 303 3906 Tne.
321 3858 387 3907 Anu.
406 3858 414 3906 l
432 3855 474 3906 53.

207 3960 230 4009 ³l
247 3958 316 4007 Suet.
334 3957 386 4007 Tib.
404 3957 445 4007 ld.

209 4062 231 4124 ⁴)
248 4060 294 4109 lno
313 4060 354 4109 LV
371 4060 413 4109 59.
