2842 4920
671 366 711 427 59

59 666 64 673 ι
156 577 317 668 pretationi
348 600 451 642 ausum
485 577 623 662 praebet,
658 577 707 642 oui
739 577 878 642 Tacitum
911 579 1048 643 assentiri
1082 573 1226 664 apparet,

157 727 254 791 quum
286 702 409 767 simulet
438 723 471 767 se
499 701 604 766 lectori
627 701 757 786 eligendi
778 708 959 786 potestatem
981 706 1085 770 faeere.
1121 703 1227 783 Quum

158 852 271 916 aequus
294 851 356 893 esse
379 827 533 907 videatur,
555 834 655 892 tamen
677 827 801 912 iniquus
824 836 869 892 est
885 835 914 892 et
933 827 966 891 hi
980 824 1113 892 looinon
1125 828 1225 892 miuus

159 978 251 1042 quam
283 976 433 1031 rumores,
456 975 532 1038 quos
567 975 656 1038 supra
689 952 880 1031 enumeravi,
914 952 1027 1018 Tiberii
1063 954 1223 1018 memoriae

150 1049 339 1147 nocuerunt.

202 1203 324 1270 Tacitus
357 1201 390 1266 in
413 1201 461 1266 his
483 1223 569 1287 saepe
591 1200 721 1286 perfidus
744 1207 841 1265 estet
864 1200 944 1265 inter
964 1200 1126 1285 legendum
1147 1201 1226 1266 illud

160 1329 380 1395 Horatiannm:
419 1325 499 1404 ,Hie
533 1326 636 1410 nigrae
658 1348 746 1390 sucus
769 1325 919 1411 loliginis,
953 1324 1026 1390 haee
1049 1332 1095 1389 est
1117 1313 1237 1412 aerugo

160 1453 262 1519 mera’'
269 1476 370 1539 saepe
390 1451 424 1516 in
446 1451 578 1516 mentem
602 1451 676 1514 mihi
698 1451 789 1516 venit.

171 1628 175 1637 .
205 1579 222 1642 I
246 1583 274 1645 3.
301 1578 405 1654 ,Mors
427 1580 489 1641 fato
512 1598 652 1662 prospera
670 1576 717 1642 vel
736 1598 879 1640 novercae
897 1575 1001 1642 Liviae
1013 1576 1100 1640 dotus
1113 1576 1225 1642 Gaium

161 1701 317 1767 abstulit’'.
342 1700 420 1765 Vide
442 1700 480 1765 ad
503 1700 550 1764 IV
577 1703 629 1767 71.

205 1825 223 1890 Ι
246 1828 298 1891 ll.
322 1826 481 1910 Augustus
503 1823 663 1888 eonsilium
681 1825 836 1889 ooeroendi
853 1825 932 1889 intre-
947 1825 1091 1890 terminos
1110 1826 1229 1911 imperii

161 1950 259 2036 dedit,
286 1949 454 2014 oinoertum
478 1955 560 2012 metu
584 1971 623 2012 an
640 1972 694 2035 per
715 1949 890 2016 invidiam’.
914 1949 996 2014 Vera
1018 1973 1107 2014 eausa
1114 1999 1124 2030 ‚
1147 1951 1229 2035 quod

160 2073 320 2160 imperium
340 2074 403 2159 jam
425 2073 496 2137 satis
519 2096 663 2158 magnum
685 2080 777 2150 esset,
801 2074 994 2138 desideratur.
1095 2122 1100 2130 .

202 2198 294 2265 162.
330 2197 526 2262 Germanicus
558 2198 653 2262 trium
675 2198 829 2282 legionum
852 2221 918 2262 ossa
940 2197 1091 2277 condidit,
1128 2198 1229 2283 equod

161 2322 281 2388 [iiberio
314 2322 395 2387 haud
425 2321 602 2407 probatum,
637 2344 693 2387 seu
715 2328 824 2387 cuncte
846 2321 1018 2386 Germanioi
1040 2322 1074 2386 in
1097 2322 1228 2387 deterius

162 2446 311 2525 trahenti,
335 2447 398 2513 sive
420 2447 586 2511 exereitum
597 2447 727 2532 imagine
738 2470 891 2513 caesorum
902 2448 1056 2512 tardatum
1067 2447 1104 2512 ad
1115 2448 1229 2532 proelia

163 2581 194 2640 et
215 2571 484 2638 formidolosiorem
506 2571 641 2636 hostium
664 2571 833 2639 eredebat”.
850 2572 953 2637 Prima
976 2595 1064 2637 eausa
1085 2595 1148 2636 non
1159 2573 1229 2637 addi

166 2697 271 2763 debuit
282 2722 292 2774 3
319 2696 451 2761 secunda
473 2717 561 2760 eausa
582 2701 702 2760 tantum
725 2719 794 2762 vera
818 2705 872 2763 est.

208 2823 225 2887 I
250 2825 301 2888 76.
325 2820 388 2884 Cur
399 2820 578 2885 abstinuerit
588 2821 758 2907 spectaculo
770 2822 944 2906 ipse,varie
954 2821 1129 2899 tradebant3
1157 2821 1229 2885 stolii

164 2946 261 3011 taedio
284 2953 401 3024 ooetus,
426 2944 549 3030 quidam
570 2944 693 3009 tristitia
713 2944 829 3028 ingenii
841 2951 872 3008 et
883 2951 966 3008 metu
979 2945 1227 3029 comparationis,

164 3071 235 3155 quia
257 3071 416 3156 Augustus
447 3070 572 3134 oomiter
593 3069 817 3148 interfuisset”;
841 3070 934 3134 alium
955 3093 1124 3151 rumorem,
1148 3071 1231 3156 quod

164 3195 301 3262 Tiberius
324 3195 421 3259 filium
444 3197 571 3259 ferocem
591 3194 728 3281 jussisset
750 3194 830 3264 ludis
852 3195 997 3260 interesse
1020 3195 1058 3259 ad
1071 3194 1231 3260 movendas

163 3320 268 3407 populi
302 3318 495 3403 offensioneS‚
530 3320 593 3406 ipse
624 3318 745 3384 Tacitus
765 3323 888 3385 refutat.
920 3320 1003 3385 Duas
1034 3319 1106 3383 alias
1129 3342 1247 3384 causas-

165 3468 225 3509 nou
248 3443 428 3530 reperimus,
452 3443 533 3529 quod
556 3442 693 3508 Tiberirm
716 3465 776 3507 non
799 3443 996 3510 delectaretur
1017 3442 1096 3507 ludis
1109 3449 1140 3506 et
1150 3441 1231 3527 quod

166 3536 336 3656 sumptibus
358 3574 540 3653 gravaretur.

210 3695 227 3758 I
262 3697 312 3758 80.
349 3693 464 3757 Causae
486 3691 598 3756 riberii
632 3691 750 3756 eonsilii
775 3691 899 3776 imperia
932 3691 1128 3756 continuandi
1152 3687 1232 3756 varie

165 3818 344 3883 traduntur:
371 3817 442 3880 nulii
464 3816 563 3882 taedio
585 3839 681 3882 novae
703 3838 792 3880 curae
814 3817 1089 3908 semelplaoitapro
1104 3815 1232 3882 aeternis

167 3942 345 4020 servavisse,
376 3941 500 4026 quidam
521 3941 652 4022 invidia,
683 3964 721 4005 ne
743 3942 843 4028 plures
865 3932 1052 4024 fruerentur,
1087 3948 1159 4006 suut
1180 3941 1234 4026 qui

166 4067 353 4145 existiment,
376 4071 412 4129 ut
429 4065 571 4130 callidum
583 4066 646 4130 eius
658 4066 834 4150 ingenium,
856 4067 899 4132 ita
917 4067 1041 4132 anxium
1050 4063 1232 4152 judicium''.
