2842 4920
703 354 743 417 58

222 564 332 629 1182.
366 561 461 647 Vulgi
483 585 642 629 sermones.
676 563 779 629 Pisoni
801 564 954 650 provincia
976 564 1118 651 permissa
1141 573 1187 629 est
1209 567 1247 631 ad
1358 546 1363 554 .

175 687 415 756 interficiendum
439 687 674 766 Germanicum
697 689 817 754 Drusus
841 690 934 776 major
957 689 1155 775 iuteremptus
1179 697 1225 755 est
1235 729 1245 771 ‚
1313 664 1316 668 .

44 820 47 826 ’
176 813 247 898 quia
280 813 391 898 populo
425 813 562 878 Romano
594 813 765 878 libertatem
787 813 912 878 reddere
934 813 1064 880 volebat.
1089 814 1180 896 Quod
1204 815 1242 880 ad

175 937 340 1001 secundum
361 959 515 1003 rumorem
538 938 666 1018 attinet,
693 938 856 1003 Suetonius
878 939 970 1003 tradit
992 938 1147 1005 Tiberium
1171 962 1246 1004 eum

174 1062 339 1149 prodidisse
352 1061 397 1151 ¹),
433 1063 514 1148 quod
547 1073 648 1128 tamen
681 1062 766 1126 valde
790 1061 918 1127 dubium
937 1069 1001 1143 est,
1036 1064 1107 1147 quia
1129 1070 1247 1128 constat

175 1188 328 1253 Tiberium
351 1192 474 1254 fratrem
500 1213 621 1254 amasse.

220 1312 272 1377 HI
295 1315 324 1378 5.
348 1313 457 1392 Fuere,
479 1287 588 1399 quiin
611 1317 718 1379 funere
745 1312 917 1379 Germanici
941 1313 1083 1398 majorem
1105 1334 1245 1397 pompam

174 1438 368 1523 requirerent.
402 1439 531 1519 Omnia,
567 1461 643 1524 quae
666 1445 828 1525 potuerant
848 1439 931 1517 fieri,
965 1442 1044 1504 facta
1067 1437 1157 1517 suut3
1184 1437 1245 1502 sed

175 1561 245 1646 quia
285 1585 393 1649 corpus
432 1564 495 1648 jam
528 1563 708 1628 Antiochiae
737 1570 909 1627 crematum
942 1569 1023 1644 erat,
1069 1563 1143 1628 haec
1176 1582 1246 1648 pars

175 1686 274 1750 funeri
298 1687 407 1752 deerat.
793 1763 798 1773 ,

220 1809 273 1874 III
297 1812 326 1877 8.
350 1810 421 1875 Piso
444 1811 579 1875 Drusum
602 1809 693 1896 adiit,
717 1811 771 1896 qui
793 1817 881 1875 caute
901 1810 1103 1902 cirespcndit.
1128 1811 1243 1892 Quam·

156 2026 160 2034 Ι
175 1957 266 2020 quam
276 1934 415 2000 Tiberius
434 1958 497 2000 non
514 1937 614 2023 potuit
634 1936 707 2001 scire
716 1987 725 2016 ,
749 1937 892 2007 Pisonem
902 1938 935 2002 id
947 1940 1119 2016 iacturum,
1141 1943 1243 2001 tamen

173 2058 295 2124 Tacitus
316 2060 415 2125 addit:
443 2084 560 2147 cneque
583 2061 799 2127 dubitabantur
820 2064 1001 2148 praescripta
1019 2060 1239 2126 eiaTiberio.'³

218 2183 272 2248 ΙΠ
308 2187 359 2250 16.
394 2185 498 2250 Pisani
531 2185 652 2251 libellus
682 2186 715 2250 iu
750 2186 888 2252 manibus
915 2187 1008 2252 fuisse
1030 2185 1155 2266 dicitur,
1190 2185 1244 2270 qui

173 2307 286 2373 Tiberii
306 2310 409 2374 literas
433 2318 463 2374 et
487 2311 627 2376 mandata
648 2311 682 2375 in
704 2311 919 2376 Germanicum
942 2308 1131 2391 continebat,
1162 2310 1244 2395 quod

105 2468 107 2472 ⁴
172 2442 273 2500 tamen
296 2434 345 2501 vel
367 2435 472 2500 Tacito
494 2435 643 2501 incertum
665 2436 793 2501 videtur.

218 2560 266 2625 [V
291 2563 350 2638 10,
375 2563 426 2626 ll.
452 2559 599 2625 Rumores
623 2560 659 2625 de
682 2561 776 2626 Drusi
801 2568 912 2647 morte,
937 2584 1012 2647 quos
1035 2560 1157 2625 Tacitus
1179 2560 1243 2646 ipse

172 2688 295 2749 refutat.

219 2810 266 2874 IV
280 2813 331 2877 57.
344 2810 491 2876 Rumores
503 2811 541 2875 de
552 2811 599 2889 iis,
611 2834 687 2896 quae
699 2810 837 2876 Tiberius
849 2810 949 2875 Rhodi
961 2809 1031 2895 agit.
1041 2808 1122 2873 Vide
1130 2808 1169 2873 ad
1180 2809 1198 2873 I
1210 2812 1240 2872 4.

175 2936 331 3001 Praeterea
337 2935 396 3000 hoc
408 2936 505 3025 capite
515 2936 679 3023 reperimus
690 2934 846 3001 insidiosas
854 2957 967 3012 causae,
977 2956 1031 2997 cur
1040 2932 1166 3019 Capreas
1173 2932 1239 2998 iret.

218 3060 248 3123 V
273 3065 301 3126 3.
336 3061 487 3146 Epistulas
521 3062 664 3145 quasdam
699 3060 736 3125 ab
761 3062 901 3145 Augusta
923 3059 1070 3125 cohibitas
1094 3082 1158 3124 esse
1180 3081 1241 3123 cre-

174 3181 250 3247 didit
275 3184 402 3268 vnguS,
433 3185 504 3269 quia
530 3186 685 3270 postejus
707 3193 835 3249 mortem
859 3184 999 3249 recitatae
1022 3189 1128 3249 esseut.
1160 3182 1242 3247 Tieri

173 3330 236 3372 nou
257 3314 373 3394 potest,
408 3315 443 3372 ut
464 3307 587 3373 Tacitus
609 3307 682 3372 huic
703 3308 817 3372 rumori
839 3308 929 3373 fidem
950 3307 1066 3373 tribuat
1088 3315 1116 3373 et
1142 3308 1241 3373 credat

172 3437 289 3498 tantam
310 3432 476 3519 potentiam
498 3431 603 3496 Liviae
631 3455 703 3497 esse.
1160 3432 1163 3437 ’

218 3557 318 3623 Etiam
330 3557 395 3622 aliis
405 3557 479 3622 locis
491 3557 588 3623 simile
600 3557 708 3623 vitium
719 3533 880 3643 reperitur,
903 3557 957 3622 ubi
967 3557 1073 3622 lectori
1086 3558 1249 3644 optionem·

173 3681 383 3764 datsedtoco,
406 3683 611 3770 quoponitur,
634 3684 681 3748 vel
695 3683 800 3761 modo,
820 3682 1020 3769 quodieitur‚
1040 3681 1240 3746 malacinter·
1269 3769 1272 3775 ,
1306 3749 1309 3753 ,

208 3977 228 4041 ¹)
245 3975 314 4026 Suet.
332 3976 386 4027 Tib.
404 3975 444 4026 50.

206 4079 227 4143 ²)
247 4079 299 4128 Val.
317 4079 381 4128 Max.
400 4079 420 4128 V
436 4078 465 4140 5,
485 4077 508 4128 3.
527 4077 585 4128 Seu.
602 4080 635 4129 ad
652 4079 741 4144 Polyb.
764 4079 808 4131 XV
825 4078 853 4130 5.
