2842 4920
674 384 712 447 57

204 597 289 660 Ann.
314 596 332 658 I
354 599 385 658 4.
419 595 559 660 Tiberius
593 594 694 659 Rhodi
728 595 799 659 exul
827 595 873 659 nil
895 594 993 673 eliud,
1017 594 1076 658 nisi
1097 593 1174 656 irem
1198 600 1229 657 et

160 722 383 786 simulationem
417 727 449 785 et
483 727 609 784 secretos
643 719 785 784 libidines
820 719 979 783 meditatus
1013 741 1076 782 esse
1107 717 1226 782 dieitur.

161 846 253 926 Quod
263 846 374 913 felstim
385 867 450 909 esse
462 843 627 909 ostendunt
635 851 666 908 et
673 844 763 908 verbe
770 844 864 930 ipsius
872 843 986 908 Teeiti:
1002 842 1160 927 aegregius
1168 840 1229 905 vita

160 972 308 1054 fameque,
321 970 428 1055 'quoad
449 969 584 1055 privatus
607 968 655 1033 vel
676 970 708 1032 in
728 968 861 1055 imperiis
878 967 935 1032 sub
958 969 1098 1052 Augusto
1110 965 1228 1050 fuit1)¹'

161 1101 191 1158 et
213 1093 366 1158 silentium
391 1093 545 1171 Suetonii,
569 1093 623 1178 qui
644 1093 717 1157 talia
735 1099 844 1177 captat.

205 1217 223 1281 I
255 1216 285 1284 5.
323 1217 438 1282 Rumor
459 1217 572 1282 incedit
594 1219 770 1302 Augustum
792 1240 810 1281 e
832 1216 919 1281 Livia
939 1215 1227 1281 interfectum'esse.

161 1341 304 1405 Extrema
326 1339 417 1405 verbe
440 1340 590 1424 Augusti:
617 1339 740 1424 allinit,
764 1340 861 1405 nostri
882 1312 1016 1426 conjugii
1028 1361 1142 1404 memor
1160 1339 1228 1404 vive

161 1487 195 1528 ee
217 1464 305 1529 vele”
318 1466 344 1550 2)
368 1487 472 1528 eorum
494 1470 638 1529 mutuum
657 1486 792 1528 amorem
814 1464 994 1542 ostendunt,
1018 1486 1108 1548 quem
1134 1465 1225 1528 etiam

160 1588 323 1654 Suetonius
345 1588 391 1652 his
414 1588 511 1655 verbis
534 1594 679 1653 testetur:
707 1594 817 1674 nquam
832 1588 938 1654 dilexit
949 1592 981 1653 et
990 1587 1128 1675 probavit
1137 1587 1227 1651 uniee

160 1735 193 1776 eo
214 1711 444 1798 perseveravit.’'

205 1837 362 1903 Praeterea
394 1859 499 1901 rumor
532 1843 578 1902 est
612 1793 787 1923 degustum
821 1835 859 1899 ed
880 1834 1040 1901 visendum
1061 1836 1226 1922 Agrippam

162 1961 333 2025 Planasiam
354 1968 475 2026 vectum
496 1969 579 2043 esso,
611 1960 694 2046 quod
715 1984 778 2025 non
800 1960 865 2026 veri
887 1959 984 2024 simile
1007 1966 1061 2026 est.
1087 1959 1167 2026 Vide
1188 1961 1226 2027 ad

161 2085 240 2153 ven.
265 2086 302 2150 Π
327 2088 400 2151 ue.
469 2094 472 2099 ·
1254 2052 1257 2058 ‘

207 2210 300 2276 110.
329 2209 449 2274 'Rumor
482 2210 654 2291 invenitur,
688 2222 843 2295 tamquam
864 2208 1002 2304 liberius
1025 2208 1063 2274 eb
1086 2209 1226 2294 Augusto

160 2334 273 2400 electus
284 2343 379 2411 esset,
399 2342 434 2400 ut
445 2335 667 2421 comparatione
678 2334 905 2400 detemimasibi
915 2333 1042 2419 gloriam
1053 2339 1227 2418 quaereret,

161 2465 242 2550 quod
276 2487 315 2528 ne
350 2464 511 2529 Suetonius
534 2465 657 2549 quidem
680 2464 791 2544 eredit,
824 2463 896 2549 quia
917 2463 1076 2547 Augustus
1097 2461 1226 2547 pruden-

162 2587 297 2652 tissimus
329 2589 467 2675 princeps
500 2588 578 2653 nihil
611 2593 724 2653 temere
746 2589 778 2652 in
800 2594 886 2652 tento
907 2586 1082 2673 praesertim
1103 2585 1226 2672 negotio

161 2712 189 2776 ei
223 2712 318 2798 egisse
351 2713 472 2777 videtur
505 2719 536 2777 et
565 2713 637 2798 quie
658 2713 801 2798 epistolae
823 2711 957 2797 Augusti
979 2733 1049 2796 erga
1071 2709 1227 2774 Tiberium

160 2837 338 2903 benevolam
357 2844 492 2902 mentem
513 2837 678 2902 ostendunt
688 2839 724 2921 ⁴).

177 2963 241 3029 ,II
275 2967 328 3030 43.
363 2963 522 3028 Credidere
554 2961 679 3048 quidam
703 2961 773 3026 dete
795 2960 899 3024 Pisoni
926 2959 1086 3048 eliberio
1108 2959 1226 3024 oeoulta

161 3088 310 3154 mandato.
333 3087 389 3152 nst
411 3109 532 3167 rumor,
555 3086 640 3150 nullo
663 3084 721 3148 elio
740 3092 918 3169 argumento
941 3085 1049 3163 nixus,
1073 3084 1224 3169 nisiquod

160 3212 298 3277 Tiberius
321 3212 536 3277 Germanicum
559 3211 656 3275 odisse
678 3216 811 3297 putetur.

204 3336 240 3400 Π
275 3339 327 3400 55.
362 3336 433 3403 Piso
456 3335 589 3420 legiones
611 3333 783 3399 Germanioi
806 3334 988 3420 corrumpite
1024 3333 1107 3398 lmud
1128 3333 1225 3398 invito

159 3460 281 3525 Tiberio
304 3484 338 3525 ee
361 3461 425 3525 fieri
448 3460 585 3526 occultus
607 3482 711 3524 rumor
732 3458 898 3524 ineedebet.
912 3460 997 3525 Idem
1009 3457 1047 3522 de
1057 3457 1115 3522 hoo
1127 3457 1225 3544 eapite

159 3585 297 3650 veletee
319 3584 356 3649 de
379 3585 489 3650 1143.

196 3787 217 3850 ¹)
234 3786 293 3838 Tac.
311 3788 375 3837 Ann.
393 3789 424 3840 vl
442 3787 483 3840 59.

194 3890 216 3953 ²)
233 3890 304 3940 Suet.
320 3890 385 3954 Aug.
401 3889 444 3941 99.

194 3991 218 4054 ³)
234 3989 303 4040 Suet.
321 3992 389 4056 Aug.
411 3991 451 4042 62.

196 4091 218 4156 ⁴)
234 4091 304 4142 Suet.
321 4093 374 4144 Tib.
391 4094 431 4144 21.
