2842 4920
709 389 750 450 46

196 598 379 687 praedicasse
414 599 533 665 videtur
555 625 624 666 eum
657 603 822 687 principem
856 625 919 666 esse
949 602 1056 686 speciei
1085 600 1262 683 altissimae,

196 749 287 811 quam
320 726 427 811 aliquis
462 726 563 790 auimo
596 725 654 790 sibi
688 726 799 812 fingere
831 727 942 812 possit,
980 726 1169 791 simillimum
1183 726 1209 814 2)
1233 730 1265 790 et

196 851 360 937 Eutropius
382 873 452 914 eum
474 851 566 914 fuisse
588 851 643 915 deo
665 851 838 936 proximum
849 853 884 937 ³).

240 977 359 1062 Trajaui
370 976 527 1041 admiratio
535 975 639 1040 nocuit
647 975 772 1061 judicio,
784 975 865 1059 quod
874 975 911 1039 de
917 975 1038 1039 Tiberio
1048 976 1112 1061 ejus
1123 976 1261 1059 aequales

196 1102 346 1167 tulerunt:
359 1101 449 1180 bella,
457 1100 601 1179 aedificia,
610 1099 676 1164 ludi
684 1101 867 1186 principatui
875 1100 987 1164 Tiberii
996 1099 1117 1164 deerant
1122 1125 1131 1178 3
1140 1101 1264 1164 comitas

199 1228 321 1292 minime
337 1225 457 1290 liberio
480 1225 598 1311 propria
616 1233 696 1303 erat;
721 1225 866 1291 delatores
889 1224 946 1289 sub
964 1225 1137 1310 principatu
1150 1225 1263 1290 liberii

197 1353 345 1437 vigebant.
385 1351 503 1429 Tacito,
538 1350 590 1436 qui
624 1349 745 1415 videbat
778 1349 906 1435 speciem
938 1350 1091 1435 quandum
1126 1349 1265 1414 eximiam

196 1477 394 1563 principatus,
411 1475 526 1539 invisus
537 1475 675 1540 'liberius
682 1525 692 1554 ,
717 1475 770 1560 qui
790 1483 854 1538 tam
877 1474 1030 1538 dissimilis
1055 1482 1118 1539 erat
1129 1475 1263 1559 Trojano.

197 1603 296 1667 Pauca
318 1600 366 1664 his
389 1600 497 1664 addam
522 1600 558 1663 de
581 1599 677 1664 Taciti
699 1599 800 1663 indole
824 1606 854 1663 et
875 1599 1008 1663 consilio.

240 1726 362 1791 Tacitus
385 1726 546 1790 admirator
567 1731 613 1788 est
637 1726 743 1789 veteris
765 1726 809 1788 rai
832 1724 985 1809 publicae,
1021 1724 1052 1787 in
1078 1745 1139 1809 quo
1166 1721 1267 1807 opinio

197 1851 246 1923 sui
273 1849 413 1936 temporis
447 1872 518 1914 eum
551 1850 748 1914 confirmavit.
784 1850 829 1914 Ut
851 1849 993 1914 Romanis
1015 1855 1103 1913 antea
1126 1871 1210 1934 reges
1233 1851 1266 1910 et

197 1978 356 2042 dictatores
378 1976 472 2040 invisi
501 1978 620 2040 fuerant
628 2026 637 2055 ,
661 1976 703 2040 sic
714 1977 803 2040 initio
814 1976 999 2061 principatus
1011 1975 1149 2040 Caesares
1161 1977 1265 2061 pleris-

199 2124 257 2186 que
281 2100 350 2164 odio
362 2107 455 2164 erant.
482 2099 551 2179 Quo
563 2103 676 2164 factum
688 2108 734 2165 est
741 2150 751 2180 ,
776 2107 812 2164 ut
822 2099 924 2164 Nerva
936 2106 967 2163 et
978 2099 1123 2184 Trajanus
1135 2107 1267 2164 veterem

198 2226 413 2312 rempublicam
446 2249 477 2290 se
514 2227 670 2291 restituere
705 2227 781 2291 velle
812 2227 989 2291 simularent
1024 2234 1055 2291 et
1089 2226 1127 2291 ob
1162 2249 1266 2290 eorum

198 2350 373 2436 aequalibus
395 2372 481 2435 saepe
504 2351 607 2415 laudes
630 2352 673 2414 rei
695 2351 833 2436 publicae
849 2351 960 2416 liberae
973 2359 1004 2416 et
1014 2352 1266 2437 vituperationem

198 2476 363 2562 tyrannidis
387 2475 575 2560 accipiamus.
610 2476 768 2541 Praeterea
790 2476 843 2539 illa
871 2482 967 2541 aetate
992 2482 1071 2540 secta
1095 2475 1267 2559 Stoicorum

198 2600 317 2679 floruit,
340 2601 394 2686 qui
417 2622 532 2685 semper
553 2599 726 2665 libertatem
744 2601 904 2686 pristinam
924 2600 1133 2666 desiderabant
1151 2609 1181 2666 et
1194 2601 1269 2665 Cae-

198 2747 276 2789 sares
285 2724 377 2788 tantis
386 2724 529 2789 molestiis
537 2724 716 2803 afficiebant,
725 2724 969 2810 utVespasianus
979 2726 1209 2789 etDomitianus
1219 2747 1268 2788 eos
1341 2696 1344 2702 .

199 2849 347 2914 ecivitate
358 2849 505 2935 erpellere
516 2872 633 2914 necesse
645 2849 801 2914 haberent.
810 2853 834 2927 ⁴)
858 2849 941 2930 Quid
955 2851 1083 2929 mirum,
1096 2851 1122 2913 si
1141 2849 1265 2934 plurimi

199 2976 259 3039 loci
281 2975 495 3052 inveniuntur,
515 2999 552 3039 ex
574 2975 683 3060 quibus
701 2982 784 3061 patet
800 2974 896 3038 Taciti
913 2974 1063 3059 judio-ium
1084 2975 1121 3038 de
1137 2975 1268 3058 superio-

198 3099 282 3164 ribus
315 3099 502 3185 principibus
537 3123 573 3162 ex
604 3099 719 3184 judicio
755 3097 791 3162 de
825 3098 945 3181 Trajani
968 3106 1064 3163 aetate
1086 3099 1214 3184 pendere
1239 3106 1270 3162 et

200 3225 270 3288 indo
295 3225 448 3288 materiem
468 3222 616 3288 scribendi
635 3224 677 3300 ei,
697 3231 733 3288 ut
748 3223 811 3308 ipse
830 3223 979 3307 significat
993 3224 1035 3306 ⁵),
1055 3223 1267 3287 invisamesse.

246 3347 364 3412 Addam
395 3347 495 3423 locos,
526 3345 579 3411 ubi
611 3348 675 3432 ejus
703 3347 909 3412 admirationis
931 3346 1042 3410 iudicia
1065 3347 1109 3410 rei
1132 3345 1270 3431 publicae

207 3473 318 3537 liberae
340 3473 371 3536 in
396 3494 447 3536 sex
470 3471 622 3557 prioribus
645 3471 730 3536 libris
753 3471 920 3537 Annalium
944 3471 1100 3556 reperitur.

208 3643 411 3652 ———-

239 3721 260 3786 1)
277 3721 339 3771 Ptin.
357 3720 514 3786 Panem-42.

235 3824 257 3887 ²)
275 3824 339 3874 Plin.
357 3825 455 3889 Paneg.
478 3823 503 3873 3.

228 3906 260 3990 ν3)
277 3926 348 3977 Entr.
366 3926 421 3976 VIlI
438 3925 461 3975 4.

236 4028 258 4093 ⁴)
275 4029 323 4078 Dio
340 4029 416 4079 LXVI
437 4027 482 4092 13,
501 4028 570 4078 Suet.
589 4028 661 4077 Dom¹
681 4025 723 4078 lO.

237 4131 260 4196 ⁵)
277 4131 333 4181 Tac.
353 4130 414 4181 Hist.
432 4130 490 4180 11.
