2842 4920
702 387 743 449 34

186 607 267 686 patet
289 599 496 686 gravissimam
519 601 611 665 fuisse
630 601 808 665 seditionem
820 609 851 666 et
862 602 1075 667 Germanicum
1087 601 1120 666 16
1132 626 1166 667 co
1177 600 1255 668 bene

187 727 329 792 meritum
348 750 411 792 esse
429 728 467 791 de
489 726 622 806 Tiberio,
646 726 727 811 quod
751 728 893 790 omissum
917 750 979 790 esse
996 727 1076 813 apud
1099 727 1252 814 Vellejum

187 852 336 916 videmus.

229 976 264 1040 Π
289 979 361 1040 127.
394 976 593 1061 Inspiciamus
616 998 668 1055 ea,
699 999 775 1061 quae
798 976 935 1062 Vellejus
958 976 995 1040 (16
1019 977 1127 1062 Sejano
1150 977 1252 1042 tradit.

184 1100 265 1164 Mihi
287 1100 482 1165 statuendum
505 1123 568 1164 esse
585 1102 716 1186 primum
728 1101 846 1167 videtur
859 1101 1010 1187 Vellejum
1021 1103 1173 1187 scripsisse
1184 1112 1255 1168 ante

184 1225 283 1310 Sejani
306 1225 442 1303 ruinam,
466 1222 518 1289 ubi
541 1227 725 1290 atrocissima
750 1227 815 1311 ejus
835 1226 944 1291 scelera
963 1234 1143 1312 patuerunt,
1157 1251 1253 1313 quum

183 1358 253 1415 ante
281 1349 313 1414 id
347 1357 467 1435 tempus
500 1351 577 1415 acics
615 1352 751 1415 omnium
785 1351 927 1416 obstricta
958 1359 988 1415 et
1018 1351 1125 1417 obtusa
1153 1361 1252 1431 esset3

182 1475 289 1541 deinde
329 1476 493 1559 imaginem
532 1475 631 1560 Sejani
673 1475 760 1539 nobis
794 1483 914 1539 tantum
949 1475 987 1540 ab
1020 1476 1152 1541 inimicis
1187 1479 1252 1563 ejus

182 1601 321 1665 traditam
338 1622 412 1666 csse.
432 1599 595 1665 Videamus
608 1600 644 1664 de
655 1600 709 1679 iis,
721 1623 797 1684 quae
809 1600 895 1665 nobis
907 1601 1027 1685 cognita
1039 1609 1118 1668 sunt.
1140 1601 1253 1687 Aliqua
1286 1621 1288 1625 ’

181 1725 260 1790 1666
271 1726 444 1789 testimonia
456 1725 493 1789 (16
505 1748 540 1788 66
553 1725 617 1788 viro
630 1725 810 1810 reperimus:
835 1725 968 1811 primum
977 1725 1126 1811 judicium
1138 1726 1252 1791 Tiberii

180 1850 292 1935 ipsius,
310 1851 363 1934 qui
376 1872 436 1913 666
448 1857 561 1913 temere
572 1849 714 1933 cuiquam
724 1849 848 1913 confidit
862 1856 892 1912 ct
904 1850 993 1913 cuius
1005 1850 1116 1914 amicos
1128 1851 1251 1916 Tacitus

180 1999 299 2061 666666
321 1976 442 2052 laudat,
463 1975 501 2039 (16
523 1998 582 2059 666
606 1975 700 2039 iatius
723 1997 809 2059 agam
832 1975 869 2039 ad
892 1975 974 2041 Suet.
999 1975 1065 2040 Tib.
1088 1979 1138 2041 55.
1163 1977 1250 2042 Tibe-

179 2101 242 2164 rius
251 2124 320 2164 eum
329 2102 442 2176 sosium
452 2100 589 2165 laborum
597 2099 766 2185 appellabat
779 2099 860 2183 (Tac.
870 2100 950 2164 Arm.
962 2099 1009 2164 IV
1019 2099 1079 2186 2.),
1090 2123 1150 2184 666
1160 2101 1250 2166 verbo

179 2227 270 2329 etiam
290 2224 424 2308 Vellejus
445 2226 550 2290 utitur,
576 2225 699 2310 Saepius
718 2224 955 2289 animadvertere
970 2247 1128 2310 possumus
1148 2224 1248 2290 Velle-

176 2351 244 2435 jum
263 2372 309 2413 res
330 2348 446 2412 tradere
458 2349 568 2413 iisdem
581 2349 699 2426 verbis,
723 2348 835 2433 quibus
846 2349 987 2414 Tiberius
998 2351 1061 2435 ipse
1072 2373 1144 2414 usus
1161 2358 1246 2415 esset.

178 2474 287 2554 Verba,
299 2474 409 2557 quibus
419 2473 554 2558 Vellcjus
565 2473 611 2557 (H
623 2476 707 2552 108.)
717 2474 754 2537 (16
762 2473 948 2538 Maroboduo
957 2475 1066 2553 utitur,
1078 2482 1250 2558 congruunt

177 2624 248 2665 cum
269 2601 325 2683 iis,
361 2621 437 2683 6666
459 2598 598 2663 Tiberius
621 2598 701 2683 apud
724 2598 864 2662 Tacitum
888 2598 982 2685 (Anu.
1005 2599 1041 2663 Π
1067 2597 1133 2687 63.)
1157 2599 1246 2676 (11611;

176 2724 314 2789 Tiberius
345 2723 481 2806 loquitur
503 2723 540 2787 de
563 2724 668 2809 spretis
697 2724 862 2808 triumphis
886 2723 967 2808 apud
987 2724 1125 2787 'secitum
1151 2722 1246 2810 (Anu.

176 2847 311 2935 11117)
330 2846 434 2911 eodem
448 2847 535 2911 modo
547 2896 557 2926 ,
578 2871 638 2932 666
653 2848 787 2932 Vellejus
801 2848 847 2932 (H
861 2847 950 2935 122.)
962 2855 992 2911 ct
1005 2870 1100 2931 quum
1112 2846 1247 2929 Vellejus

177 2973 224 3056 (ΙΙ
238 2976 324 3058 las.)
336 2974 401 3036 6166
412 2973 595 3038 celeritatem
606 2974 638 3037 in
648 2973 727 3038 bello
735 2996 805 3037 cum
813 2973 968 3036 Sacrouiro
978 2971 1098 3049 laudet,
1109 2970 1247 3035 Tiberius

176 3119 296 3180 quoque
318 3097 398 3182 apud
420 3098 558 3162 Tacitum
583 3098 676 3182 (Anu.
702 3097 754 3162 ΠΙ
779 3099 844 3182 27)
869 3096 926 3160 166
949 3096 1106 3181 gloriatur.

219 3221 297 3284 'Pum
320 3220 418 3285 Taciti
440 3221 478 3293 de
495 3222 604 3306 Sejano
614 3222 761 3306 judicium
774 3222 800 3309 l)
812 3223 845 3285 in
857 3221 1064 3308 compluribus
1075 3221 1164 3286 rebus
1176 3244 1244 3285 cum

175 3344 291 3428 Vellejo
314 3345 472 3428 conspirat.
498 3345 698 3429 inspiciamus
719 3347 847 3430 singule.

219 3470 316 3536 Veli:
343 3470 452 3535 laboris
463 3469 691 3555 capacissimus‚
712 3472 878 3536 sufficiente
887 3473 983 3556 vigori
995 3471 1087 3536 animi
1100 3493 1242 3556 compage

172 3596 313 3682 corporis.

215 3720 298 3784 Tac:
324 3742 431 3804 corpus
454 3719 593 3783 laborum
615 3719 757 3784 tolerans.

216 3843 309 3908 Veli:
334 3844 411 3908 nihil
434 3843 492 3908 sibi
515 3843 728 3908 vindicantem.

188 4005 382 4015 ——

206 4093 226 4158 1)
243 4094 301 4144 Tac.
319 4094 383 4143 Anu.
401 4095 432 4144 lv
450 4093 473 4143 1.
