2842 4920
652 359 692 419 11

183 570 253 650 Quo
287 593 365 635 anno
400 572 534 636 Annales
569 572 696 636 ediderit
729 595 764 635 ex
780 541 783 549 Ι
798 572 864 635 loco
895 572 985 657 hujus
1017 570 1099 635 libri⁴
1117 577 1208 655 patet.

139 695 177 759 In
199 694 398 780 descriptione
417 696 497 759 enim
520 697 639 781 imperii
653 696 679 784 1)
690 696 881 782 reperiuntur
901 719 952 775 ea,
973 719 1049 780 quac
1066 695 1209 781 Trajauus

138 842 217 884 aurio
255 823 317 882 115
353 820 478 905 imperio
513 821 627 884 addidit
661 828 692 885 et
727 845 803 906 quae
834 821 1007 885 Hadrianus
1040 843 1119 884 anno
1146 823 1207 886 117

139 945 290 1026 neglexit,
326 945 406 1008 unde
439 946 567 1010 efficitur
602 970 680 1010 auno
706 946 839 1010 115111
865 949 927 1010 116
952 946 1084 1009 Annales
1108 945 1203 1009 editos

140 1091 212 1133 esse.

184 1192 254 1258 Jam
283 1194 320 1258 de
342 1195 437 1259 Taciti
460 1169 555 1260 aetate
581 1196 743 1260 videamus
780 1196 861 1276 Quia
884 1196 1017 1280 aequalis
1040 1195 1209 1260 Domitiani

139 1319 214 1399 fuit,
235 1319 436 1401 multantur,
457 1344 533 1405 quae
551 1321 622 1385 huic
634 1320 862 1407 objiciebantur,
885 1320 1074 1384 transtulisse
1086 1320 1206 1383 videtur

139 1445 172 1508 in
194 1445 356 1510 Tiberium.
392 1446 430 1510 In
454 1448 517 1511 vita
539 1447 698 1532 Agricolae
719 1447 824 1510 saltem
848 1444 1053 1530 compluribus
1076 1444 1150 1508 locis
1175 1467 1210 1508 ea

110 1635 116 1642 ,
141 1570 178 1634 (11
200 1571 375 1635 Domitiano
394 1571 550 1656 leguntur,
573 1595 649 1657 qnae
671 1573 708 1636 de
728 1570 848 1635 Tiberio
871 1593 992 1655 quoque
1003 1570 1116 1633 tradita
1127 1576 1206 1633 suut.

140 1695 333 1761 Enumerabo
352 1719 402 1760 eos
424 1697 525 1776 locos,
548 1698 601 1781 qui
623 1696 660 1762 ad
683 1697 761 1762 hanc
783 1696 1020 1782 disputationem
1044 1695 1207 1781 pertinent.

184 1819 257 1906 (lap.
283 1825 332 1887 39.
358 1821 550 1885 Domitianus
573 1822 717 1886 nuntium
740 1822 849 1907 accipit
880 1824 979 1885 fronte
1005 1821 1119 1899 111111,
1142 1842 1209 1904 pec-

142 1954 207 2011 tore
230 1946 338 2010 anxius
361 1952 512 2031 praeterea
535 1947 651 2031 saepius
672 1947 774 2010 odium
793 1946 960 2031 reposuisse
981 1944 1107 2023 dicitur,
1131 1967 1209 2027 quae

142 2070 189 2134 his
211 2071 284 2155 ipsis
307 2070 404 2136 verbis
428 2072 465 2133 de
487 2071 607 2136 Tiberio
632 2073 825 2156 reperiuntur
840 2073 875 2156 2).
906 2116 907 2121 1

186 2195 258 2280 Cap.
281 2199 332 2261 10.
359 2196 421 2260 sive
444 2219 548 2260 verum
568 2195 669 2275 istud,
693 2196 755 2260 sire
767 2219 804 2259 ex
814 2196 938 2281 ingenio
950 2195 1093 2281 principis
1104 2196 1210 2259 fictum

143 2343 177 2384 ac
205 2321 405 2406 compositum
428 2328 482 2387 est.
506 2321 615 2386 Obiter
637 2321 761 2386 observo
785 2344 839 2384 nos
866 2328 1019 2385 auctorem
1044 2321 1210 2384 Annalium

143 2444 193 2510 hic
213 2446 274 2530 jam
297 2446 472 2530 perspicere.

187 2569 260 2654 Cap.
296 2574 348 2634 42.
381 2569 418 2634 de
441 2571 632 2635 simulatione
654 2571 821 2635 Domitiani
843 2573 907 2656 agit
917 2621 927 2651 ,
963 2571 1093 2634 addens:
1131 2593 1211 2654 fsquo

143 2695 312 2774 obscurior,
335 2719 370 2760 eo
394 2696 636 2762 inexorabilior.''
652 2697 781 2781 (11111111.
795 2697 861 2761 Viri
875 2697 920 2762 Ol.
934 2696 1125 2762 Cornelissen
1138 2718 1209 2780 pro:

142 2819 394 2908 inrevocabilior).
460 2856 464 2865 ·

188 2944 260 3030 Cap.
285 2949 336 3010 43.
362 2918 466 3026 Quum
485 2946 627 3032 Agricola
640 2945 743 3009 morbo
755 2947 879 3009 affectus
892 2954 970 3010 esset
978 2995 988 3024 ,
1013 2945 1211 3009 Domitianus

144 3071 267 3133 nuntios
290 3070 392 3148 misit,
416 3071 452 3135 de
474 3094 534 3156 qua
556 3094 588 3135 re
610 3071 731 3135 Tacitus
757 3071 847 3135 dicit:
875 3070 957 3146 sssivc
974 3093 1045 3134 cura
1055 3070 1135 3134 illud
1149 3071 1212 3134 sive

144 3194 301 3278 inquisitio
314 3195 408 3259 erat.'’
422 3195 496 3259 Tere
508 3197 587 3260 idem
600 3197 748 3281 reperitur
758 3196 791 3260 in
805 3195 975 3261 Annalibus
990 3221 996 3258 ε
1011 3196 1212 3262 Germanicus

144 3326 281 3403 aegrotat
302 3327 332 3383 et
354 3321 424 3384 Piso
448 3321 570 3385 nuntios
594 3322 698 3387 mittit.
723 3321 845 3385 Tacitus
864 3320 950 3385 dicit:
977 3319 1211 3395 'ssimulmissia

145 3443 255 3507 Pisone
276 3444 505 3524 incusabantur,
532 3455 565 3511 11
588 3446 770 3511 valetudinis
793 3445 1101 3510 adversarimautes.”
1123 3444 1211 3507 Prae-

145 3575 226 3633 terea
238 3569 273 3633 de
286 3569 460 3636 Domitiano
479 3570 667 3635 invenimus:
688 3571 825 3645 ,sfacilius
837 3571 982 3655 gaudium
994 3591 1084 3652 quam
1097 3574 1211 3631 metum

184 3874 204 3934 1)
221 3874 282 3924 Tac.
306 3874 370 3923 Anu.
387 3875 407 3923 II
424 3873 469 3923 61,

146 4035 149 4041 ¹
180 3976 202 4035 2)
219 3976 276 4025 Tac.
295 3977 359 4025 Auo.
378 3978 388 4025 1
405 3976 446 4026 69.
464 3975 524 4026 Aliis
543 3975 709 4044 verbislidem
727 3975 859 4024 invenitur
875 3974 940 4024 Anu.
949 3975 987 4023 Ill
997 3971 1211 4036 61.ca113‚17.

183 4080 206 4142 ³)
224 4080 280 4129 Tac.
299 4080 362 4128 Aoo.
380 4081 401 4128 11
419 4079 461 4129 69.
