2842 4920
697 371 738 432 30

182 582 297 666 lirivata
304 580 424 664 negotia
430 579 614 645 conficienda
625 588 656 644 et
667 603 705 644 ne
715 580 793 645 alius
804 580 862 645 sibi
875 580 992 646 absenti
1002 584 1206 667 praeferretur
1218 584 1257 663 1).

227 706 261 771 Il
287 709 359 771 loc.
396 707 515 792 Magnis
550 705 648 771 vorbis
675 706 773 771 utitur
795 707 827 769 in
850 704 1044 771 describendo
1065 704 1146 770 bello
1173 705 1256 771 Ger-

182 832 311 910 manioo;
339 831 398 895 Dio
424 832 554 896 affirmat
582 854 653 895 eum
677 831 752 895 nihil
777 831 919 896 memorie
941 832 1067 917 dignum
1089 831 1189 916 egisse
1213 835 1255 918 ²).

225 956 272 1019 llo
294 956 448 1040 incognito
470 963 541 1020 ante
564 956 639 1019 mari
661 955 796 1041 Vellejus
818 956 971 1040 loquitur,
992 955 1030 1020 ad
1053 955 1253 1040 quodtamen

178 1081 239 1163 jam
269 1088 340 1144 ante
360 1079 514 1144 'liberium
537 1080 691 1145 Domitius
714 1080 741 1168 3)
764 1090 795 1145 et
817 1081 935 1144 Drusus
958 1083 984 1166 ⁴)
1008 1088 1251 1166 penetraverant.

226 1206 255 1269 Il
284 1208 358 1270 108.
382 1205 471 1270 Nihil
493 1213 555 1271 erat
577 1206 610 1269 in
633 1205 811 1284 Germania,
836 1206 917 1292 qnod
928 1204 1252 1291 vincipoterat.Ridi-

180 1332 247 1395 culo
269 1331 466 1416 exaggeratio,

224 1456 259 1520 ΙΙ
284 1459 357 1521 112.
392 1455 527 1541 Agrippa
556 1456 736 1534 Postumus,
773 1456 848 1521 mira
870 1455 1015 1541 pravitate
1037 1454 1130 1521 animi
1153 1461 1247 1540 atque

178 1581 293 1663 ingenii
315 1581 348 1643 in
370 1580 543 1666 praecipitia
565 1602 744 1660 universus,
776 1581 869 1666 patris
892 1581 1028 1645 animum
1048 1578 1191 1645 alienavit
1214 1587 1247 1644 et

181 1728 251 1768 mox
273 1705 399 1789 dignum
422 1686 521 1769 furore
540 1729 595 1769 sno
606 1705 715 1769 habuit
725 1705 848 1771 exitum
863 1705 920 1769 Est
930 1727 976 1769 res
987 1703 1094 1768 dubia:
1108 1701 1246 1787 Vellejus

180 1828 255 1893 nihil
271 1851 324 1914 pro
341 1836 422 1893 certo
441 1830 564 1908 statuit5
584 1829 610 1892 si
628 1829 701 1912 quid
720 1852 757 1892 ex
768 1829 832 1914 ejus
844 1828 942 1893 verbis
953 1826 1093 1910 colligere
1103 1825 1248 1908 velimus,

178 1953 225 2016 his
247 1954 348 2039 potius
373 1954 461 2039 culpa
483 1954 515 2017 in
538 1953 691 2018 Tiberium
716 1976 806 2038 quam
829 1953 862 2016 in
884 1955 1061 2038 Augustum
1079 1954 1245 2018 confertur.

179 2078 303 2142 'Pacitns
347 2085 446 2143 narrat
480 2078 634 2143 Tiberium
670 2080 735 2164 ejus
772 2078 869 2143 caedis
903 2085 1055 2142 auctorem
1089 2076 1181 2142 fuisse
1215 2084 1248 2143 et

174 2204 257 2288 jussa
290 2204 423 2286 Augusti
458 2203 615 2268 simulasse
628 2206 661 2289 ⁵).
699 2203 861 2269 Suetonius
895 2203 968 2267 dicit
1001 2201 1127 2267 dubium
1162 2223 1245 2281 esse,

177 2327 375 2411 Augustusne
397 2328 525 2393 moriens
548 2329 719 2409 codicillos,
742 2328 853 2414 quibus
875 2327 1033 2406 tribunus,
1058 2334 1093 2392 ut
1114 2326 1146 2390 id
1166 2329 1244 2391 iace-

176 2457 240 2530 ret,
273 2450 442 2536 juberetur,
476 2452 664 2537 reliquisset,
687 2476 725 2518 an
748 2453 870 2517 nomine
892 2451 1026 2537 Augusti
1048 2451 1135 2517 Livia
1157 2458 1187 2515 et
1209 2473 1246 2515 eo

177 2574 295 2637 coiiscio
329 2573 448 2638 'liborio
482 2599 520 2640 an
544 2577 647 2660 ignaro
667 2576 808 2642 dictasset
831 2578 867 2662 δ).
892 2577 951 2640 Dio
973 2575 1066 2641 tradit
1087 2550 1244 2640 Tiberium

176 2721 245 2761 enm
277 2698 460 2763 interfecisse
492 2708 523 2764 et
544 2724 665 2786 passum
687 2725 751 2766 esse
773 2703 867 2766 alium
890 2708 1044 2766 auctorem
1066 2703 1241 2785 Augustum

175 2822 338 2900 nominare,
362 2823 456 2888 alium
469 2824 599 2904 Liviam,
622 2826 717 2890 alium
728 2827 886 2891 tribunum
898 2835 1003 2914 suopte
1015 2827 1138 2891 consilio
1150 2849 1239 2910 agen·
1307 2864 1310 2871 ·

174 2954 236 3010 tom
260 2947 293 3025 7).
320 2948 366 3010 lla
389 2948 436 3011 his
459 2959 580 3035 apparet
603 2950 722 3015 caedem
738 2952 889 3037 Agrippae
903 2952 934 3015 in
948 2950 1241 3015 numerumillarum

174 3093 273 3134 rorum
301 3072 485 3136 referendam
507 3097 588 3151 esse,
611 3075 642 3138 in
667 3075 777 3160 quibus
800 3083 911 3140 cauam
934 3076 1091 3140 veritatem
1113 3074 1241 3161 reperire

174 3218 234 3258 non
280 3219 448 3281 possumus.
498 3197 565 3262 Hoc
608 3207 729 3263 tantum
772 3207 890 3264 constat
931 3199 1051 3263 eaedem
1091 3199 1242 3284 Agrippae

208 3482 228 3540 1)
245 3482 292 3531 Dio
310 3483 351 3531 LV
368 3481 409 3533 57.

206 3587 227 3649 2)
245 3586 292 3634 Dio
310 3586 351 3636 LV
369 3586 409 3636 28.

206 3688 228 3752 ³)
245 3689 302 3738 Tac.
320 3691 386 3742 Ann.
405 3691 436 3741 lV
453 3690 493 3740 44.

205 3790 227 3854 4)
245 3790 290 3839 Dio
309 3792 350 3841 LV
367 3791 395 3843 1,

207 3891 226 3952 ⁵)
245 3891 303 3941 Tae.
321 3894 386 3942 Aun.
405 3894 455 3944 16.

206 3993 228 4057 ⁰)
246 3994 315 4047 Suet.
332 3996 383 4046 Tib.
401 3997 446 4048 22.

207 4094 228 4160 ⁷)
244 4096 292 4146 Dio
309 4098 373 4148 LVll
391 4100 417 4150 3.
