2842 4920
690 390 730 449 69

220 598 268 663 IV
282 602 332 663 15.
359 599 470 674 HNotis
481 601 513 662 in
525 623 594 664 euru
605 600 706 685 Sejani
718 600 794 663 odiis
806 600 888 664 Nero
900 602 1013 685 gratior
1023 602 1134 687 populo
1147 602 1245 668 erat.’'
1332 611 1335 616 ’

174 723 231 786 Est
253 745 355 786 rumor
378 747 394 786 e
416 746 516 787 rerum
541 732 650 788 eventu
668 730 770 804 ortus,
794 748 889 809 quum
912 725 1016 789 odium
1032 725 1132 811 sejani
1142 734 1256 812 postea·

175 845 296 909 demum
318 849 506 932 patefactum
529 849 577 912 sit.

220 969 267 1034 IV
280 974 331 1036 17.
357 971 455 1035 Nimii
478 972 606 1036 honores
629 971 731 1037 liberis
751 973 926 1038 Germanici
945 973 1140 1054 tribuuntur;
1164 977 1246 1059 quod

175 1117 262 1180 aegre
298 1094 355 1160 lert
388 1095 545 1175 Tiberius,
581 1096 634 1180 qui
665 1097 697 1160 in
720 1119 754 1161 ea
775 1118 808 1161 re
830 1097 908 1161 nibil
931 1099 1002 1163 feeit
1024 1099 1245 1184 vituperatione

174 1221 310 1305 dignum.
335 1221 463 1286 Constat
485 1223 660 1306 Augustum
684 1244 802 1285 summo
826 1227 926 1287 amore
948 1230 1072 1307 nepotes
1096 1223 1244 1303 dilexisse,

174 1346 227 1430 qui
251 1353 351 1410 tamen
375 1347 455 1411 idem
479 1347 583 1411 fecisse
605 1345 716 1410 dicitur
740 1347 774 1431 1).

219 1469 266 1534 IV
290 1473 341 1534 18.
369 1470 401 1535 Ο.
428 1471 520 1535 Silius
544 1477 575 1534 et
594 1492 670 1534 uxor
689 1493 750 1534 non
766 1470 858 1535 dubie
869 1471 1102 1556 repetundarum
1114 1472 1244 1537 orimini-

174 1594 231 1659 bus
261 1594 424 1660 haerebant
461 1602 492 1659 et
524 1595 558 1660 O.
594 1593 688 1659 Silius
709 1595 833 1680 insuper
853 1596 1018 1681 jactaverat
1042 1619 1103 1660 non
1125 1596 1244 1661 Tiberio

175 1740 350 1782 mansurum
386 1717 563 1804 imperium,
597 1718 623 1782 si
658 1719 722 1803 ejus
744 1718 877 1802 legiones
900 1719 1102 1788 rebellassent.
1127 1721 1245 1806 Dignae

174 1849 244 1906 sunt
278 1865 402 1922 causae,
438 1865 493 1907 eur
520 1841 803 1921 condemnarentur3
828 1841 949 1907 Tacitus
968 1850 1070 1908 tamen
1092 1853 1245 1910 asseverat

175 1975 298 2051 propter
317 1967 482 2032 amicitiam
503 1967 676 2032 Germanici
698 1968 730 2031 id
753 1990 815 2031 esse
839 1971 963 2032 factum.

219 2090 266 2154 IV
291 2095 342 2156 20.
375 2092 506 2156 Miratur
529 2091 651 2156 Tacitus
671 2091 820 2176 Lepidum
844 2093 974 2156 amioum
996 2090 1108 2156 Tiberii
1132 2093 1242 2171 fuisse,

173 2216 206 2279 in
237 2238 365 2300 quorum
400 2238 525 2281 numero
552 2222 655 2281 tamen
679 2217 769 2281 etiam
790 2215 853 2280 On(
870 2215 1022 2282 Lentulus
1046 2223 1077 2280 et
1099 2216 1251 2301 Ooceejus'

174 2339 275 2405 Nerva
298 2329 384 2420 sunt,
407 2341 461 2425 qui
480 2363 659 2427 magnopere
682 2365 699 2405 a
721 2340 824 2406 Tacito
847 2341 1056 2425 laudantur2).

218 2464 265 2529 IV
294 2468 344 2532 27.
383 2466 524 2530 aBellum
558 2469 618 2530 fors
640 2465 819 2551 oppressit.‘'
854 2465 945 2546 Quod
968 2488 1028 2529 non
1051 2487 1156 2531 rerum
1180 2488 1243 2530 esse

173 2589 329 2672 sequentia
348 2589 512 2654 ostendunt
518 2572 598 2671 ,ubi
618 2591 736 2674 egregia
756 2588 872 2655 Tiberii
885 2589 1008 2655 consilia
1019 2590 1050 2653 id
1064 2590 1243 2675 oppressisse

173 2721 304 2800 apparet.

218 2838 265 2902 IV
278 2841 328 2904 28.
346 2839 626 2926 aQuia'periculum
637 2846 691 2925 pro
704 2839 797 2903 exitio
811 2838 1011 2916 habebatur,'’
1022 2838 1133 2923 quibus
1144 2840 1243 2905 verbis

175 2964 296 3028 Tacitus
315 2964 464 3049 significat
487 2966 639 3028 neminem
661 2963 836 3028 absolutum
859 2986 941 3043 esse,
965 2962 1044 3047 quod
1064 2986 1124 3027 non
1137 2986 1242 3028 verum

173 3111 236 3152 esse
258 3088 372 3173 ubique
395 3096 516 3174 apparet
529 3088 564 3176 ⁸).

218 3211 266 3276 IV
290 3215 341 3279 29.
365 3213 478 3278 Tiberii
500 3235 585 3277 aures
608 3197 752 3297 superbae
776 3219 807 3276 et
830 3211 986 3275 offensioni
1005 3213 1159 3296 proniores
1180 3236 1242 3277 esse

174 3335 324 3400 dicuntur.
350 3337 420 3402 Alia
439 3359 525 3422 saepe
535 3336 658 3401 Tacitus
680 3335 773 3401 tradit
784 3338 809 3415 4)
818 3361 827 3414 ;
844 3335 982 3400 Tiberius
1003 3333 1130 3422 patienti
1142 3335 1242 3399 animo

173 3461 372 3525 contumelias
395 3461 509 3526 ferebat
533 3463 567 3537 5).

210 3690 230 3755 ¹)
248 3690 317 3741 Suet.
335 3692 399 3756 Aug.
417 3691 457 3742 56.
476 3691 524 3741 Dio
542 3693 583 3743 LV
603 3691 626 3741 9.
870 3747 872 3751 v

207 3794 229 3856 ²)
246 3794 303 3844 Tae.
322 3794 387 3844 Auri.
406 3795 437 3844 lv
455 3793 495 3857 29,
514 3794 554 3857 44,
573 3795 604 3844 lV
622 3793 661 3857 58,
681 3794 713 3843 VI
726 3792 767 3842 32.

209 3895 231 3958 ³)
248 3896 305 3946 Tae.
325 3896 394 3946 Anu.
417 3898 427 3946 l
447 3895 591 3959 74,11137,
610 3896 647 3944 IIl
666 3894 707 3961 38,
722 3895 753 3944 IV
770 3893 810 3943 31.

209 4000 232 4065 ⁴)
249 4002 307 4052 Tac.
325 4003 394 4053 Ann.
417 4005 449 4053 lV
466 4003 506 4060 311,
525 4004 556 4053 Vl
573 4002 615 4053 36.

211 4101 234 4165 5)
251 4101 323 4154 Suet.
346 4104 398 4156 Tib.
416 4104 456 4155 28.
