2842 4920
391 1264 633 1380 curui
675 1267 1022 1398 Qllllllllll.

611 1495 798 1503 --——

223 1628 303 1692 Ante
324 1628 380 1692 hos
403 1651 512 1714 paucos
535 1653 629 1694 annos
652 1630 689 1694 de
712 1631 769 1695 fide
791 1631 932 1696 historica
952 1632 1059 1696 Dionis
1082 1633 1246 1718 disputavit

178 1757 216 1821 D.
231 1756 269 1823 G.
291 1757 469 1842 Jelgersma.
492 1758 732 1844 Diligentissime
752 1782 800 1837 ea,
823 1782 900 1844 quae
912 1760 972 1823 Dio
984 1761 1020 1824 dc
1034 1758 1115 1824 bello
1128 1759 1244 1824 Gallico

179 1881 339 1945 memoriae
360 1881 511 1968 prodidit,
534 1906 602 1946 oum
626 1882 680 1960 iis,
704 1906 782 1968 quae
804 1906 822 1947 a
844 1883 969 1948 Caesare
992 1883 1057 1969 ipso
1068 1882 1244 1963 traduntur,

176 2004 360 2091 comparavit
381 2013 411 2070 et
434 2005 605 2070 luculenter
628 2006 760 2072 ostendit
780 2006 928 2087 Dionem,
950 2007 1003 2092 qui
1025 2007 1128 2072 rhetor
1151 2008 1245 2091 magis

176 2150 268 2213 qnam
281 2126 441 2193 historicus
452 2130 604 2214 putandus
617 2129 666 2207 sit,
678 2129 912 2195 innumerabiles
924 2154 1036 2195 errores
1048 2131 1243 2210 commisisse,
1328 2179 1330 2183 r

176 2274 245 2316 eum
268 2253 419 2339 scripsisse
441 2275 541 2318 amore
564 2259 595 2318 et
617 2253 716 2317 studio
740 2253 884 2335 ductum,
915 2254 1111 2339 omniumque
1144 2278 1244 2319 rerum

174 2402 276 2442 causas
299 2378 477 2457 reddidisse,
501 2402 578 2467 quac
601 2403 687 2465 saepe
708 2380 912 2465 ineptissimae
934 2381 1004 2448 sint.

220 2502 280 2567 Dio
297 2503 417 2568 Cassius
430 2503 611 2589 Ooocejanns
624 2511 713 2569 natus
725 2511 771 2568 est
783 2527 861 2568 anno
875 2507 953 2586 155,
968 2504 1026 2570 sub
1039 2505 1243 2590 compluribus

174 2627 358 2713 principibus
381 2627 476 2707 vixit,
499 2629 624 2692 summis
647 2628 812 2694 honoribus
834 2632 956 2694 functus
987 2638 1050 2708 est,
1076 2651 1154 2695 anno
1180 2633 1242 2693 229

174 2752 366 2816 consulatum
401 2752 534 2817 obtinuit
568 2775 638 2817 cum
673 2752 845 2817 Alexandro
879 2753 988 2817 Severo
1023 2761 1053 2817 et
1096 2752 1241 2838 reliquam

174 2883 291 2962 partem
320 2877 399 2941 vitae
433 2878 466 2941 in
499 2876 563 2941 otio
596 2878 759 2962 transegit,
792 2900 887 2962 quum
922 2877 1020 2942 XXII
1043 2900 1137 2942 annos
1160 2877 1242 2962 operi

174 3023 229 3064 suo
251 3001 446 3087 impenderet.

218 3125 325 3189 Dionis
356 3125 490 3204 indoles,
524 3125 609 3210 quali
640 3148 678 3188 ex
711 3127 776 3211 ejus
809 3125 893 3190 libris
917 3126 1124 3211 cognoscitur,
1157 3127 1242 3190 nullo

174 3251 262 3315 modo
294 3250 411 3314 laudari
444 3256 551 3336 potest.
588 3249 683 3314 Stilus
716 3251 780 3336 ejus
809 3251 933 3336 putidus
956 3259 987 3316 et
1010 3252 1153 3317 molestus
1176 3260 1240 3335 est,

172 3375 311 3439 flosculos
345 3374 480 3460 undique
515 3375 670 3460 decerptos
701 3374 764 3439 suis
794 3375 892 3440 verbis
915 3376 1024 3460 affigit,
1060 3399 1138 3461 quos
1160 3376 1242 3439 unde

173 3499 341 3584 collegerit,
375 3498 432 3562 Vir
467 3498 512 3562 Ol.
551 3498 655 3564 Nabar
691 3499 823 3565 ostendit
836 3501 870 3584 ¹).
906 3499 944 3564 In
981 3500 1081 3564 Dione
1115 3500 1241 3585 legendo

173 3622 275 3686 statim
295 3623 431 3688 videmus
443 3647 513 3688 eum
536 3623 690 3689 hominem
713 3624 813 3689 tenuis
835 3624 949 3710 ingenii
971 3625 1064 3692 fuisse
1075 3632 1106 3690 et
1118 3624 1242 3689 minime

214 4024 232 4088 ¹)
249 4023 274 4074 S.
295 4024 324 4074 Α.
352 4025 446 4076 Naber.
472 4023 540 4076 Over
567 4027 598 4075 de
625 4026 794 4093 grondslagen
819 4027 866 4076 der
891 4025 982 4077 kritiek
1007 4041 1056 4076 van
1072 4025 1118 4076 Dio
1135 4023 1242 4077 Cassius.

176 4125 250 4178 1866.
273 4142 330 4194 pag.
349 4127 406 4180 304.
