2842 4920
671 375 734 438 lla

217 587 303 651 Libri
333 589 370 653 dc
403 589 561 653 Beneficiis
593 590 748 675 complura
770 591 927 655 continent
950 589 987 654 ad
1009 590 1122 656 'liberii
1145 591 1238 655 vitam
1291 588 1294 592 ’

172 713 362 798 pertinentia.
397 713 535 778 'liberius
563 715 695 802 aliquem
718 739 736 779 a
758 713 955 779 creditoribus
978 714 1087 780 liberat
1108 716 1159 779 sed
1181 715 1240 779 sibi

173 860 234 901 non
257 836 372 923 obligat
384 837 420 926 1).
444 839 501 903 nst
522 839 580 903 hoc
600 862 615 903 e
628 839 762 904 moribus
773 839 904 920 liberii,
916 841 970 928 qui
981 839 1096 904 nullius
1107 863 1240 904 amorem

173 968 204 1026 et
215 961 505 1047 studiumoaptabut.
515 962 658 1048 Legimus
666 971 827 1048 praetcrea,
835 963 989 1029 Tiberium
994 964 1116 1050 jussisse
1125 987 1240 1042 omncs,

173 1085 225 1171 qui
248 1086 406 1171 pecuniam
428 1094 582 1171 rogarent,
606 1111 726 1152 caueam
748 1088 780 1151 in
803 1087 908 1152 'senatu
920 1087 1063 1173 probare,
1087 1110 1240 1173 quaeres,

173 1210 230 1274 etsi
241 1210 278 1274 iis
290 1211 343 1295 qui
354 1209 510 1296 rogabant,
534 1212 658 1276 minimo
669 1211 823 1297 placebat,
847 1219 948 1275 tamen
960 1211 1121 1276 utilissima
1131 1212 1191 1277 fuit
1204 1214 1238 1296 ⁹).

174 1340 354 1425 Exemplum
379 1340 461 1404 aliud
484 1341 673 1405 horridorum
699 1343 762 1426 ejus
784 1363 903 1405 morum
926 1341 1072 1426 legimus,
1094 1339 1148 1404 ubi
1167 1340 1242 1404 dicit

174 1464 268 1529 veteri
299 1465 412 1530 amico:
451 1487 531 1529 anon
556 1465 696 1544 memini,
717 1466 791 1551 quid
814 1465 993 1550 fuorim⁸)'’;
1024 1464 1112 1530 aliter
1132 1464 1164 1528 in
1186 1464 1242 1529 tali

174 1611 206 1652 re
225 1588 332 1672 agebat
355 1588 499 1653 Vitellius
511 1592 547 1674 4).
575 1590 742 1654 Notissima
753 1589 883 1654 narratio
894 1589 931 1654 dc
941 1588 1126 1655 delatoribus
1136 1589 1243 1653 codem

174 1709 252 1776 libro
288 1719 387 1777 extat:
429 1736 533 1777 servus
566 1713 684 1777 cuidam
719 1715 844 1778 anulum
879 1713 1029 1798 detraxit,
1072 1736 1110 1777 ne
1142 1713 1242 1798 imago

174 1835 285 1901 liberii
324 1836 439 1902 matula
467 1836 686 1924 foedarctur⁶)‚
718 1838 771 1902 ubi
801 1846 953 1924 praeterea
985 1837 1165 1927 invenimus?
1185 1836 1243 1901 sub

174 1961 294 2026 Tiberio
316 1965 502 2046 frequentem
527 1964 672 2047 etpumia
682 1962 834 2048 publicam
846 1962 1003 2028 accusandi
1014 1961 1126 2027 rabiem
1138 1960 1241 2037 fuisse,

175 2108 251 2170 qnae
286 2086 368 2150 omni
391 2085 471 2150 bello
493 2078 573 2151 civili
596 2087 717 2172 gravius
738 2094 872 2172 togatam
895 2088 1050 2152 civitatem
1072 2085 1240 2151 confecerit

177 2208 287 2273 Addit:
325 2209 402 2284 assub
435 2210 504 2275 divo
538 2213 687 2296 Augusto·
713 2211 849 2275 nondum
877 2211 1052 2276 hominibus
1076 2210 1166 2275 verba
1188 2233 1243 2274 sua

174 2332 341 2418 periculosa
365 2341 466 2410 era-nt,
488 2335 551 2420 jam
575 2335 722 2399 molesta”
736 2336 771 2421 ⁶).

221 2458 295 2521 Post
339 2479 452 2520 annum
496 2463 554 2536 62,
594 2457 649 2522 ubi
686 2458 798 2522 Seneca
831 2483 849 2523 a
881 2481 914 2523 re
947 2458 1068 2543 publica
1101 2445 1242 2535 recessit,

176 2581 302 2646 confecti
348 2589 420 2645 sunt
453 2581 523 2646 libri
553 2583 590 2647 ud
620 2581 792 2647 Lucilium:
828 2583 865 2647 de
899 2582 1109 2661 Providentia,
1143 2581 1243 2646 Natu·

175 2706 252 2771 ralee
283 2706 479 2785 Quaestionee
513 2714 543 2770 et
576 2707 737 2793 Epistolae.
773 2707 812 2771 In
842 2708 939 2793 primo
970 2730 1058 2793 opere
1087 2706 1172 2771 locus
1194 2708 1241 2771 iu-

176 2830 312 2911 venitur,
345 2831 399 2915 qui
431 2832 563 2897 ostendit
595 2833 653 2896 rub
684 2831 804 2897 'liberio
832 2855 897 2897 rara
920 2854 1044 2897 munera
1065 2832 1242 2916 gladiatoria

176 2957 268 3020 fluisse
279 2956 316 3041 ⁷).
341 2956 379 3021 In
402 2957 533 3022 secundo
555 2981 644 3044 opere
665 2958 703 3021 de
724 2956 861 3043 prodigio
884 2955 940 3020 sub
964 2956 1064 3042 Sejani
1085 2955 1243 3021 interitum

175 3080 286 3169 agit3).
311 3082 351 3146 In
373 3081 517 3167 Epistolis
535 3083 658 3167 plurimi
680 3082 740 3147 loci
759 3089 930 3147 occurrunt.
950 3080 1118 3166 Diligentia
1129 3079 1242 3144 'liberii

212 3281 233 3346 ¹)
249 3282 312 3333 Seu.
326 3278 371 3333 ¹De
389 3284 454 3334 Bcn.
476 3284 543 3335 117.
565 3285 590 3337 2.

209 3384 231 3447 ²)
248 3383 306 3434 Seu.
324 3385 362 3434 De
379 3385 444 3440 Bcn.
466 3385 534 3437 118.
556 3386 584 3437 l.
606 3387 643 3438 Cf.
660 3387 722 3438 Tac.
747 3388 816 3437 Ano.
839 3388 852 3436 1
871 3385 910 3436 75.

210 3489 233 3552 ³)
250 3484 312 3538 San.
334 3487 373 3537 De
389 3487 458 3539 Bau.
480 3489 502 3539 V
519 3487 563 3539 25.
585 3489 613 3539 2.

210 3591 233 3655 ⁴)
251 3591 296 3641 Dio
313 3591 377 3644 LXV
396 3590 423 3641 6.

211 3693 233 3757 ὅ)
250 3694 312 3744 Seu.
333 3694 372 3743 De
389 3694 450 3744 Ben.
467 3696 501 3746 111
518 3695 562 3746 26.

211 3795 234 3858 θ)
251 3794 314 3846 Seu.
336 3797 373 3846 Dc
393 3797 454 3846 Ben.
475 3797 571 3848 11127.

212 3896 313 3958 ⁷)Sen.
335 3897 372 3946 De
390 3898 466 3948 Prov.
489 3900 521 3950 lv
538 3900 563 3952 4.
581 3902 621 3951 Os.
645 3900 707 3952 Tac.
730 3900 799 3951 Ano.
822 3901 857 3950 IV
874 3899 915 3951 62.

211 3998 233 4063 ⁸)
250 3997 312 4049 San.
344 3999 404 4049 Nat.
436 4001 530 4060 Quaest
558 4005 570 4053 1
595 4003 622 4054 1.
654 4004 769 4055 Occurrit
788 4017 882 4053 nomen
900 4001 991 4053 Tiberii
1008 4002 1086 4053 etiam
1103 4003 1114 4052 Ι
1132 4002 1179 4067 15,
1197 4005 1243 4054 sed

177 4101 239 4152 nihil
256 4102 313 4152 inde
331 4103 488 4167 proficimus.
