2842 4920
690 373 730 439 36

221 588 255 652 Π
279 592 353 667 luo,
379 591 455 670 128,
478 592 550 654 129.
575 588 704 666 Omnia,
725 613 801 674 quae
823 590 855 654 in
879 589 936 653 hoo
958 589 1137 674 panegyrico
1157 589 1242 653 inve-

177 715 317 794 niuntur,
342 738 359 779 a
378 714 500 794 Tacito,
522 716 575 799 qui
600 715 722 778 minime
741 715 872 778 accusari
894 719 1005 799 potest,
1035 713 1116 796 quod
1140 714 1241 777 studio

177 837 286 903 ductus
305 839 473 924 scripserit,
497 839 720 902 confirmantur.
746 837 833 902 Dabo
844 847 946 902 tamen
966 837 1128 901 nonnullos
1151 837 1243 917 locos,

177 961 231 1026 ubi
265 962 400 1047 Vellejus
434 985 451 1024 a
485 962 587 1025 Tacito
615 961 749 1026 discedit.
778 961 913 1047 Vellejus
935 962 1038 1025 laudat
1060 962 1242 1026 celeritatem

176 1085 290 1150 Tiberii
300 1085 332 1148 in
340 1108 429 1149 causa
437 1084 573 1165 Libonis,
585 1086 622 1149 dc
631 1109 690 1173 qua
699 1085 775 1149 nihil
788 1086 867 1171 apud
875 1086 1013 1149 Tacitum
1021 1085 1194 1150 invenimus
1206 1085 1240 1172 1).

176 1209 311 1296 Vellejus
344 1211 406 1294 agit
438 1209 474 1274 dc
504 1210 669 1275 honoribus
699 1210 884 1286 Germanioi,
908 1233 983 1294 quos
1007 1210 1128 1274 Tacitus
1147 1195 1243 1295 magis

175 1334 207 1398 in
243 1335 371 1420 speciem
401 1334 499 1399 verbis
527 1334 685 1400 adornatos
712 1358 793 1419 esse⁷
819 1357 910 1418 quam
933 1341 969 1398 ut
989 1334 1109 1420 penitus
1132 1337 1243 1399 sentire

175 1457 346 1522 crederetur
358 1458 384 1546 2)
415 1457 503 1538 dicit,
535 1482 630 1544 quum
664 1459 802 1524 Tiberius
837 1460 968 1523 sincerae
999 1459 1130 1523 caritatis
1153 1460 1243 1524 fidem

175 1590 328 1647 assecutus
352 1589 412 1646 non
424 1582 557 1669 esset³);
582 1583 618 1647 dc
632 1583 761 1663 honore,
786 1606 845 1668 quo
866 1583 1081 1648 Germanicum
1101 1585 1134 1647 in
1146 1591 1242 1647 truns-

176 1706 304 1770 marinas
326 1708 493 1791 provincias
517 1709 616 1785 misit,
644 1709 766 1774 Tacitus
793 1709 883 1772 dicit:
910 1707 1027 1793 nspecie
1048 1707 1200 1772 honoris”.
1214 1707 1241 1794 4)

176 1831 311 1917 Vellejus
333 1832 493 1896 exclamat:
517 1841 649 1917 aquanta
672 1856 759 1919 opero
776 1832 962 1912 exstruxit’',
980 1854 1075 1916 quum
1086 1830 1240 1895 Tiberium

176 1955 236 2018 duo
254 1962 373 2019 tanturn
387 1979 475 2041 opera
486 1957 617 2020 effecisse
629 1959 825 2022 satisconstet
843 1957 878 2044 ⁵).
900 1958 931 2021 Si
951 1956 1086 2042 Vellejus
1105 1957 1240 2040 quaerit:

178 2079 279 2160 aQuid
299 2079 436 2165 Tiberius
450 2082 575 2160 meruit,
601 2089 636 2146 ut
658 2082 783 2146 consilia
795 2081 920 2146 Libonis
932 2081 1047 2146 subiret
1055 2080 1065 2160 ,⁸
1082 2087 1118 2143 ut
1132 2079 1241 2143 Silium

174 2204 330 2267 inimicum
342 2204 476 2284 haberet,
500 2214 535 2271 ut
546 2230 584 2270 ex
594 2230 673 2270 nuru
683 2213 712 2271 et
725 2231 763 2271 ex
775 2215 883 2291 nepote
891 2205 1051 2289 indignari,
1069 2204 1242 2269 erubescere

176 2335 295 2392 coactus
307 2329 385 2392 sitfe’
400 2329 522 2393 Tacitus
530 2339 631 2416 rogat:
648 2331 751 2412 „Quid
760 2330 837 2394 Libo
848 2333 872 2415 6)
883 2338 913 2394 et
920 2329 1011 2393 Silius
1020 2328 1047 2417 7)
1058 2337 1242 2425 meruerunt,

176 2459 210 2515 ut
221 2475 238 2514 a
248 2451 369 2515 Tiberio
380 2453 635 2536 interficerentur,
651 2456 724 2540 quid
736 2455 902 2540 Agrippina
912 2462 943 2518 et
954 2454 1042 2519 liberi
1055 2463 1240 2535 meruerunt,

175 2583 210 2639 ut
229 2575 367 2639 Tiberius
387 2600 436 2640 eos
454 2580 723 2663 persequeretur?”
748 2580 795 2643 De
807 2579 917 2663 quibus
929 2578 1239 2665 rebusposteaogam,

175 2722 256 2763 nunc
289 2705 408 2763 tantum
443 2701 646 2766 adnotandum
682 2710 811 2767 mortem
846 2702 1031 2788 Agrippinae
1055 2710 1086 2767 et
1108 2704 1240 2767 filiorum

174 2829 244 2886 unte
266 2822 348 2888 hunc
371 2824 482 2889 librum
506 2826 678 2891 absolutum
703 2850 766 2891 esse
780 2829 813 2913 8).
841 2827 975 2912 Vellejus
998 2827 1072 2892 dicit
1090 2828 1241 2891 neminem

174 2949 340 3033 potentiam
364 2949 468 3015 Liviae
488 2953 631 3032 sensisse;
656 2953 797 3038 majorem
816 2951 905 3015 fidem
925 2952 1020 3017 habeo
1042 2951 1163 3029 Tacito,
1187 2953 1241 3036 qui

174 3070 249 3135 dicit
272 3074 374 3137 matris
396 3076 530 3160 potentia
551 3076 705 3141 Tiberium
729 3077 826 3141 Roma
846 3083 1002 3142 extrusum
1026 3098 1099 3140 esse.
1113 3079 1137 3154 ⁹)

180 3211 336 3227 ¹—ss—

212 3269 230 3330 ¹)
249 3270 307 3319 Tac
326 3270 391 3321 Ano.
409 3272 435 3320 II
453 3270 493 3320 27.
513 3271 580 3322 Suet.
600 3272 651 3322 Tib.
671 3272 712 3323 25.

207 3373 229 3436 2)
246 3373 305 3423 Tac.
328 3373 392 3422 Anu.
412 3373 483 3423 152.

208 3474 230 3537 ³)
247 3475 305 3525 Tac.
324 3475 390 3525 Anu.
409 3474 494 3526 1142.

207 3574 230 3638 ⁴)
248 3577 305 3626 Tac.
324 3577 389 3627 Ano.
411 3577 499 3628 1142.

210 3680 232 3744 5)
249 3680 306 3729 Tac.
323 3681 388 3729 Ann.
409 3681 441 3730 VI
460 3679 500 3729 511.
520 3680 588 3730 Suet.
608 3681 661 3730 Tio.
680 3680 725 3730 47.

208 3783 230 3847 0)
245 3783 304 3832 nac.
322 3783 385 3832 nnn.
405 3784 430 3831 11
445 3782 485 3843 m,
503 3782 547 3833 31.
571 3782 640 3832 Suet.
659 3753 719 3833 ma
738 3782 779 3833 sc.

206 3884 228 3950 ⁷)
245 3886 304 3935 Tac.
323 3885 388 3936 Anu.
406 3887 440 3936 IV
456 3885 495 3936 18.

206 3989 228 4051 ⁸)
247 3989 304 4038 Tac.
324 3988 388 4038 Arm.
406 3989 440 4039 VI
462 3987 501 4051 29,
521 3988 561 4052 30,
576 3987 616 4037 31.
635 3988 703 4037 Suet.
720 3988 771 4038 Tib.
788 3988 828 4052 53,
849 3989 889 4039 54.

208 4091 230 4153 9)
245 4090 302 4140 Tac.
321 4090 386 4139 Ann.
404 4090 438 4140 IV
455 4088 499 4139 57.
