2842 4920
672 372 737 434 125

46 618 51 623 ·
172 584 272 650 edicto
314 585 349 648 in
387 583 540 647 luxuriam
580 584 663 667 agis,
695 581 816 647 dubitat
851 590 956 646 utrum
991 584 1106 646 laetum
1142 582 1184 646 sit
1211 581 1251 647 ab

180 711 324 794 Augusto
344 729 386 774 an
407 731 426 770 a
447 707 570 771 Tiberio
581 708 619 791 Ξ).
642 707 677 770 Si
696 706 836 771 Tacitum
861 705 1019 789 audimus,
1042 707 1125 791 prior
1146 706 1249 792 opinio

172 833 238 898 veri
258 831 387 896 similior
403 842 458 896 est

217 958 424 1023 Philostratus
449 955 548 1020 uibus
575 957 650 1021 loeis
678 956 716 1020 de
737 955 860 1020 liberio
879 956 952 1041 agit.
991 956 1172 1041 Eluemplum
1194 955 1246 1020 dat

175 1082 338 1167 majestatis
369 1080 554 1167 criminisij,
587 1079 669 1164 quod
697 1104 716 1144 a
744 1080 857 1144 Senem
884 1081 1095 1158 eonfirmatur;
1117 1103 1248 1144 comme-

177 1213 275 1269 morat
295 1214 447 1290 praeterea
467 1204 737 1269 commutationem
757 1204 943 1289 principatus
956 1204 1023 1289 ejus
1034 1206 1073 1289 4),
1084 1204 1247 1288 qnaeitem

177 1353 197 1393 a
217 1329 329 1392 Seneca
351 1329 567 1392 eonfirmanlur
584 1338 617 1393 et
637 1328 827 1413 tyrannidem
850 1329 916 1414 ejus
927 1328 965 1415 ⁵).

220 1452 388 1537 Scriptores
406 1451 560 1517 Historiae
577 1454 735 1537 Augustae
755 1451 875 1516 (luobus
886 1452 961 1516 loeis
973 1451 1157 1532 ostendunt,
1169 1475 1247 1536 quae

128 1644 134 1653 ,
179 1601 215 1641 eo
237 1600 300 1663 quo
321 1578 464 1641 vixerunt
484 1586 619 1662 tempore
640 1578 744 1663 opinio
766 1576 925 1640 hominum
948 1576 986 1642 de
1005 1576 1126 1641 Tiberio
1145 1577 1247 1640 fuerit.

179 1701 332 1767 Caraealla
360 1701 517 1766 Tiberium
538 1701 676 1766 laudasse
687 1704 713 1786 ⁶)
736 1711 765 1766 et
790 1701 1008 1788 Heliogabalus
1034 1724 1138 1765 omnes
1160 1724 1248 1787 appa·

178 1834 263 1891 ratus
303 1826 418 1891 Tiberii
457 1840 487 1890 et
525 1827 655 1890 aliorum
695 1827 815 1892 novisse
847 1836 879 1891 et
910 1826 1073 1912 spinthrias
1109 1835 1247 1890 veterum

178 1951 327 2016 malornm
339 1952 367 2038 7)
390 1951 496 2016 vicisse
516 1950 655 2016 traditur,

224 2075 367 2141 Julianus
387 2077 520 2162 appellat
540 2099 612 2140 eum
630 2075 771 2140 aeerbum
793 2082 824 2139 et-
845 2097 968 2139 saevnm
989 2083 1153 2160 tyrannum
1165 2075 1190 2159 ⁸)
1218 2082 1250 2139 et

180 2201 319 2288 pluribus
341 2200 441 2265 verbis
464 2202 501 2265 de
522 2224 559 2265 eo
581 2201 645 2285 egit
664 2201 698 2263 in
720 2199 901 2265 Caesaribus
922 2199 992 2264 suis.
1010 2203 1035 2277 ⁹]

224 2326 430 2392 Tertullianus
451 2325 566 2410 aliquid
589 2327 662 2391 novi
679 2325 781 2404 effert,
803 2324 857 2389 ubi
872 2324 946 2388 dicit
958 2323 1118 2389 eonsilium
1127 2322 1249 2387 'liberio

181 2450 273 2514 luisse
291 2449 449 2515 Christum
471 2450 561 2515 deum
580 2450 747 2535 haberem),
769 2450 801 2513 in
813 2472 874 2533 qno
888 2448 1039 2514 Eusebius
1051 2449 1104 2537 ¹¹),
1123 2448 1250 2513 Orosius

181 2582 213 2641 et
235 2574 364 2641 Zonaras
389 2597 459 2637 eum
481 2575 577 2639 secuti
599 2584 680 2641 sunt.

226 2698 313 2780 Quid
324 2698 423 2762 multa
433 2699 529 2765 dieam
541 2699 578 2762 de
589 2699 836 2785 epitomatoribns
848 2700 900 2789 1¹),
915 2701 995 2787 apud
1006 2665 1083 2784 qnos
1092 2707 1249 2784 tamqnam

181 2906 394 2913 ——.-.—..

214 3007 804 3072 foen.1124,15.Tae.1n5253,54.

215 3110 228 3146 ³
255 3112 374 3161 Philostr.
396 3113 451 3162 vita
469 3112 520 3175 Ap.
542 3111 612 3174 Tyan
629 3125 689 3174 pag.
712 3109 744 3160 18
761 3110 819 3160 San.
838 3110 874 3159 ne
891 3110 956 3160 Ben.
980 3111 1013 3160 ΙΙΙ
1031 3110 1077 3160 25.

215 3214 226 3248 ⁴
308 3234 319 3263 e
425 3231 436 3261 »
492 3230 503 3260 a
575 3212 1088 3277 npag.lllSe11.DeClem.llll.

215 3316 231 3350 ἴ
307 3333 319 3364 s
423 3333 435 3363 a
491 3333 502 3362 i
575 3314 768 3380 »pag.29‘2.

217 3418 240 3483 6)
257 3419 342 3482 Spart.
365 3417 422 3468 Car.
438 3416 466 3466 2.

219 3519 240 3583 ⁷)
257 3520 387 3583 Lamprid.
402 3518 535 3584 Heliogab.
560 3518 605 3570 33.

218 3620 626 3687 ⁸)Ju1.ap.ad1nemistium.
720 3644 723 3648 ·
792 3644 795 3649 ·

100 3743 105 3751 ·
217 3726 240 3789 ⁹)
255 3725 308 3775 lul.
330 3725 452 3776 causales
466 3739 528 3792 pag.
551 3721 612 3775 809.
632 3724 673 3775 Cf.
695 3722 768 3773 Suet.
791 3721 844 3773 Tib.
862 3721 895 3773 56
912 3727 938 3773 et
955 3719 999 3772 60.

218 3827 250 3889 ¹⁰)
268 3828 338 3880 Tam.
355 3828 424 3892 Apol.
441 3826 465 3877 5.
616 3888 618 3892 Ι

221 3930 254 3996 ¹¹)
270 3931 363 3982 Euseb.
379 3931 446 3980 llisl.
468 3930 564 3980 Eeeles
580 3928 597 3978 ‘2
614 3927 638 3979 2.

217 4032 250 4098 ¹²)
267 4033 340 4084 Sext.
362 4032 478 4082 Aurelius
489 4032 584 4083 Victor.
599 4031 637 4081 De
653 4030 702 4080 vita
711 4033 736 4078 el
746 4029 859 4079 moribus
868 4029 1053 4094 imperatorum
1063 4030 1239 4081 Romanorum

186 4142 211 4188 et
229 4138 266 4188 De
283 4136 444 4188 Caesaribus.
467 4136 570 4199 Eutrop.
588 4133 631 4183 Vll
648 4132 688 4183 ll.
706 4133 770 4186 Hist.
789 4133 861 4184 Misc.
884 4134 928 4186 vn
946 4132 991 4185 23.
