2842 4920
676 392 737 464 ma

174 614 288 680 deliciis
307 617 431 678 fuerunt
450 620 481 678 et
492 636 566 698 ques
577 612 641 699 ipse
652 611 770 677 invenit
779 613 815 696 ¹),
827 612 864 676 de
877 635 1023 676 marmore
1035 613 1098 698 ejus
1110 617 1245 699 tempore

174 741 298 804 invento
317 738 434 803 Plinius
445 737 509 823 agit
517 737 553 826 1).
575 737 621 802 De
641 736 819 801 Germaniae
839 736 957 801 duobus
977 738 1051 802 loeis
1064 738 1246 823 umquem,

174 886 304 948 quorum
322 862 398 928 albei
416 862 453 927 ad
473 868 599 926 mortem
618 862 685 946 ejus
696 867 818 947 spectat,
832 860 886 925 ubi
898 860 972 926 dieu
985 860 1127 926 Pisonem
1137 884 1247 948 genere

175 988 270 1054 morbi
294 987 448 1053 defensum
471 994 542 1052 esse.
577 986 709 1066 Loenm,
733 985 786 1050 ubi
802 985 840 1050 'in
865 985 968 1051 Sabini
991 987 1174 1052 mentionem
1197 989 1246 1052 in·

174 1112 302 1202 aidis),
321 1110 586 1198 jamladdavi'ad
609 1111 677 1176 Tae.
704 1112 782 1175 Ann.
810 1111 855 1174 IV
882 1112 932 1175 68.

220 1238 283 1303 sub
307 1237 481 1302 Domitiano
503 1236 624 1302 Flavius
647 1236 796 1323 Iosephus
819 1236 1064 1322 Archaeologiam
1084 1235 1246 1302 Judaieam

173 1363 284 1439 edidit,
308 1365 339 1429 in
364 1385 424 1448 quo
435 1362 514 1427 libro
527 1361 674 1426 nonnulla
686 1361 722 1426 de
733 1361 853 1426 Tiberio
865 1368 1033 1429 narrantur.
1046 1363 1243 1446 Quamquam

175 1488 247 1554 fides
275 1488 398 1574 Josephi
425 1510 487 1552 non
511 1487 612 1572 magni
635 1486 828 1566 aestimatur,
852 1485 908 1551 hae
929 1486 961 1551 in
984 1509 1016 1551 re
1038 1495 1140 1552 tamen
1161 1488 1247 1552 illam

175 1614 208 1678 in
231 1612 359 1678 dubium
382 1635 487 1677 voeare
507 1634 754 1698 nonpossumus,
777 1611 848 1696 quia
858 1615 918 1676 fere
929 1613 1030 1676 omnia
1042 1612 1079 1677 ab
1096 1611 1164 1676 aliis
1176 1634 1247 1677 eon·

175 1741 341 1803 firmantur.
377 1737 527 1823 Josephus
560 1735 697 1822 pluribus
731 1736 830 1801 uerbis
863 1736 926 1822 agit
949 1737 986 1801 de
1005 1736 1156 1822 Agrippa,
1191 1735 1245 1821 qui

176 1870 239 1927 erat
272 1861 385 1927 amicus
419 1861 511 1926 Drusi
541 1869 572 1925 et
592 1858 747 1925 Tiberium
770 1860 850 1925 adire
874 1860 980 1925 voluit.
1006 1860 1074 1926 Hae
1096 1860 1160 1926 fieri
1181 1884 1244 1926 non

175 1989 293 2075 potuit,
326 1988 398 2073 quia
430 1984 709 2050 Iiberius⁵³¹tialuit'
725 1985 836 2050 amieos
858 1984 950 2049 Drusi
973 1986 1074 2049 videre
1087 1984 1131 2074 ⁵),
1155 2009 1246 2072 quem

174 2100 276 2177 laeum
295 2112 386 2177 citavi
401 2112 436 2176 ad
454 2094 536 2175 Suet.
550 2109 620 2175 uub.
633 2109 830 2177 522'Tandem
839 2110 950 2175 auxilio
959 2110 1110 2175 Antoniae
1118 2110 1247 2198 Capreas

176 2236 260 2301 venit
271 2238 306 2315 ⁶),
329 2235 381 2300 sed
402 2234 559 2300 Tiberium·
576 2226 705 2300 'edendis
727 2241 758 2300 et
773 2234 1006 2321 comprehensus
1017 2242 1070 2300 est.
1095 2235 1246 2323 Josephus

175 2361 268 2426 tradit
289 2368 440 2447 praeterea
461 2359 614 2425 Tiben'um
638 2370 756 2445 semper
780 2359 936 2437 morer-iu,
958 2382 1035 2444 quae
1057 2360 1148 2425 etiam
1159 2383 1248 2426 eausa

177 2486 278 2566 fuerit,
290 2484 587 2570 eurprovineiaediu
599 2484 771 2549 subendam
787 2483 923 2568 praeside
932 2491 1087 2549 manarunt
1098 2483 1135 2573 ⁸),
1149 2507 1246 2569 quum

177 2619 278 2674 tamen
306 2608 337 2673 id
367 2629 487 2693 queque
518 2630 607 2694 opera
629 2607 698 2672 data
720 2610 847 2688 faceret,
882 2616 918 2673 ut
940 2631 1042 2673 aarum
1065 2608 1156 2674 saluti
1179 2631 1246 2696 pro·

178 2733 325 2821 spiceret3
349 2733 513 2797 Antoniam
525 2731 646 2797 Tiberio
666 2733 790 2798 sensilia
804 2733 904 2820 Sejani
915 2733 1088 2819 patefecisse
1100 2736 1125 2819 ⁹)
1138 2761 1147 2814 ;
1171 2733 1246 2799 Ger·

179 2860 330 2924 manicam
353 2858 430 2922 velle
455 2855 534 2932 μῖσος
558 2861 651 2923 πᾶσιν
664 2852 738 2923 εἶναι
751 2858 811 2938 ¹⁰)’'
832 2881 990 2943 eumquea
1010 2858 1119 2922 Pisone
1131 2880 1246 2923 veneno

214 3113 1246 3180 me.Nm.Hm.fflvdffl)fflv6fflvaffi(ffipfflx8(ffl)

179 3220 237 3269 XIX
255 3217 271 3267 5
288 3218 351 3282 (23),
370 3219 428 3268 XIX
446 3217 462 3267 5
481 3217 547 3283 (28).

211 3322 233 3386 ²)
251 3321 314 3370 Plin.
332 3321 393 3370 Nat.
417 3321 479 3369 Hist.
499 3319 598 3369 XXXVI
619 3319 634 3369 7
651 3319 714 3383 (15).

212 3424 223 3457 ³
360 3440 371 3468 u
444 3439 455 3469 u
500 3422 556 3472 VIII
574 3420 607 3471 16
624 3420 680 3485 (71)
698 3422 731 3471 III
749 3420 782 3471 37
799 3421 863 3486 (71).

362 3545 374 3576 a
446 3545 458 3575 u
504 3526 556 3577 VIII
573 3525 606 3576 40
623 3524 686 3592 (61).

270 3440 282 3471 I)

273 3547 285 3578 u

223 3425 234 3488 >

212 3529 235 3594 ⁴)

216 3633 239 3693 ⁵)
258 3633 331 3686 Flav.
353 3633 402 3682 Ios
421 3632 478 3680 Ant.
496 3630 552 3679 Jud.
570 3628 614 3691 18,
633 3628 661 3686 6,
680 3629 704 3679 1.

290 3752 301 3780 u
440 3750 452 3780 u
516 3749 527 3779 ))
572 3729 617 3793 18,
635 3730 664 3794 6,
683 3730 707 3783 4.

290 3854 301 3883 u
440 3853 451 3881 a
524 3851 535 3880 u
581 3832 621 3888 18,
639 3833 662 3891 6,
681 3833 705 3885 5.

226 3939 236 4001 )
290 3956 300 3985 a
372 3955 383 3984 a
439 3955 449 3984 a
522 3954 533 3983 a
579 3935 618 3994 18,
637 3935 660 3996 6,
679 3935 702 3985 5.

213 4042 235 4105 ⁹)
290 4058 300 4087 a
372 4069 383 4093 a
440 4058 450 4087 a
523 4056 534 4085 u
580 4037 619 4100 18,
638 4037 662 4098 6,
681 4036 708 4088 6.

217 4143 249 4207 10)
294 4161 304 4190 a
377 4159 388 4191 s
444 4160 455 4189 u
527 4158 538 4189 a
582 4139 622 4203 18,
641 4139 664 4203 fi,
682 4139 709 4190 8.

214 3736 237 3799 ⁶)

216 3837 226 3870 τ

213 3939 224 3971 'd
