2842 4920
663 340 703 402 13

149 547 240 615 nebat
272 557 303 615 et
336 563 420 616 s'uam
455 550 609 616 infamiam
643 551 777 635 neglexit
800 553 842 636 ¹),
868 575 928 638 quo
951 555 1064 618 factum
1089 560 1163 636 est‚'
1178 562 1214 618 ut

149 676 247 741 multa
269 676 344 740 falso
367 676 395 739 ei
417 675 551 763 objecta,
569 682 670 761 postca
691 675 723 739 iu
746 675 901 740 historiam
923 676 1134 744 insererentur.

194 802 298 883 Quum
321 801 458 866 Tiberius
481 800 850 878 omnibusinvisusesset,
877 802 965 866 multi
976 825 1109 866 rumores
1121 803 1216 872 odiosi

149 926 246 991 exorti
256 933 338 1007 sunt,
362 925 519 1012 dequibus
531 948 649 989 neeesse
662 932 708 989 est
720 925 771 990 hic
782 926 884 1011 paucis
896 948 991 1010 agere.
1013 926 1085 992 Tres
1096 928 1214 1012 potissi-

149 1075 233 1116 mum
257 1074 361 1116 causae
384 1060 486 1132 crant,
507 1050 618 1137 quibus
640 1051 728 1117 facile
748 1050 860 1116 Romae
872 1073 1006 1141 rumores
1018 1059 1173 1116 orerentur
1186 1060 1216 1118 et

148 1198 200 1261 per
223 1175 330 1240 urbem
352 1176 610 1262 dispergerenturz'
629 1175 704 1239 ratio
728 1174 858 1240 difficilis
880 1175 993 1239 sciendi
1004 1198 1081 1260 quae
1092 1199 1214 1260 ageren-

148 1276 345 1379 tursmodus
368 1301 488 1368 vivendi
511 1308 541 1364 et
564 1307 671 1364 natura
693 1299 908 1366 Romanorum.
931 1298 1002 1363 Jam
1024 1301 1062 1364 de
1084 1302 1214 1386 singulis

149 1425 312 1493 videamus

193 1550 337 1615 Romanis
354 1557 420 1614 acta
431 1551 539 1624 diurna
550 1551 672 1636 quidem
683 1558 801 1636 praesto
812 1557 897 1616 erant
908 1551 944 1614 ad
958 1552 1213 1636 cognoscendum,

149 1698 225 1760 quae
248 1683 407 1761 agerentur
418 1675 470 1740 sel
481 1698 515 1740 ea
526 1699 587 1740 non
600 1675 697 1739 multo
707 1675 796 1761 plura
807 1665 1001 1751 continebant
1011 1699 1102 1762 quam
1114 1686 1215 1742 nostra

61 1840 64 1844 -
148 1810 245 1865 aetate
275 1801 392 1866 Diurua
415 1800 537 1886 publica
560 1808 590 1865 et
611 1808 733 1865 tantum
755 1823 803 1878 ea,
839 1823 916 1886 quae
939 1801 1047 1866 Caesar
1068 1801 1215 1888 publicari

150 1927 260 2004 vellet;
284 1926 399 2011 reliqua
420 1926 516 2012 igitur
538 1925 628 1990 fando
651 1925 687 1989 iis
710 1924 858 1991 audienda
879 1932 964 1990 crant
987 1934 1017 1990 et
1028 1928 1215 1993 sermonibus

149 2050 327 2136 accipienda.
345 2050 461 2115 Deinde
474 2074 543 2124 vero
556 2050 663 2113 modus
671 2051 792 2115 vivendi
803 2050 919 2115 Romae.
927 2051 1099 2136 aptissimus
1107 2060 1170 2117 erat
1178 2054 1214 2118 ad

148 2198 282 2240 rumores
293 2175 448 2261 fingendus
460 2182 491 2241 ct
502 2174 723 2261 dispergendos,
736 2175 810 2238 Tam
824 2175 914 2257 multi
923 2177 1150 2257 sunthomiueS,
1163 2182 1216 2264 qui

148 2300 225 2364 nihil
248 2299 370 2382 habent,
395 2301 475 2385 quod
497 2307 587 2384 agant
609 2323 646 2363 cx
667 2322 776 2384 genere
797 2299 930 2382 illorum,
956 2325 1030 2386 quos
1050 2303 1215 2381 Phaedrus,

148 2425 264 2512 lepidus
275 2432 374 2511 poeta,
387 2424 552 2489 ardeliones
562 2424 703 2510 appellat,
714 2431 866 2510 practerea
878 2429 939 2489 fere
951 2449 1062 2508 omnes,
1077 2430 1148 2513 quia
1157 2429 1215 2496 sub

148 2551 231 2616 coelo
254 2551 418 2616 meridiano
441 2551 535 2616 vitam
557 2556 668 2634 agunt,
705 2549 837 2615 multum
859 2551 892 2614 in
915 2549 1036 2636 publico
1059 2562 1215 2619 versantur

148 2684 179 2747 tt
214 2699 338 2763 semper
365 2677 550 2743 occasionem
579 2674 692 2740 habent
721 2697 768 2738 res
794 2681 891 2760 gestas
913 2676 993 2741 inter
1015 2699 1046 2741 se
1070 2679 1213 2763 agitandi.

148 2802 290 2879 Accedit,
313 2802 393 2887 quud
416 2799 544 2865 Romani
567 2800 655 2885 proni
677 2806 763 2864 eraut
785 2799 822 2864 ad
846 2799 1007 2867 maledieta
1029 2808 1060 2866 et
1082 2803 1214 2867 admen-

148 2927 232 2991 dacia
253 2926 405 3012 fingenda,
426 2948 486 3010 quo
508 2928 621 2989 factum
645 2929 708 3001 est,
729 2929 764 2987 ut
786 2922 881 2989 odiosi
904 2946 1038 2989 rumores
1059 2926 1215 3011 inprimis

149 3053 256 3138 cupido
288 3053 497 3138 arripereutur.
529 3048 615 3114 Dabo
643 3048 759 3131 aliquot
781 3048 968 3128 testimonia,
1004 3050 1215 3116 exactoribus

147 3177 344 3264 scriptoribus
367 3176 510 3255 collecta,
533 3173 586 3258 qui
608 3172 645 3237 de
666 3172 728 3236 illis
750 3173 922 3237 rumoribus
945 3182 1123 3258 queruntur.
1156 3178 1158 3181 ’

192 3304 262 3368 lam
285 3302 413 3366 Plautus
436 3301 472 3365 de
495 3299 669 3364 homiuibus
691 3297 773 3383 agit,
848 3286 853 3296 ¹

195 3429 278 3511 nQui
301 3427 402 3492 omnia
424 3447 455 3489 sc
478 3424 621 3489 simulant
644 3422 719 3486 scire
738 3442 836 3509 neque
858 3422 1019 3507 quicquam
1043 3425 1165 3502 sciunt

193 3553 283 3634 Quod
303 3552 430 3637 quisque
451 3550 483 3615 iu
506 3549 606 3615 animo
629 3546 719 3611 habet
741 3553 795 3611 aut
817 3546 1006 3629 habiturust,
1026 3550 1140 3615 sciunt.

195 3677 319 3755 Sciunt,
341 3677 415 3765 quid
439 3677 471 3741 in
494 3700 597 3742 aurem
619 3700 672 3741 rex
693 3670 814 3755 reginae
836 3670 954 3739 dixerit.

195 3801 318 3882 Sciunt,
340 3802 422 3890 quod
441 3801 523 3865 Juno
546 3800 707 3866 fabulatast
729 3824 799 3865 oum
821 3800 905 3865 Jove.
1003 3800 1006 3807 ’

149 3976 224 3983 —-—-

185 4071 205 4133 1)
223 4071 284 4120 Tae·
307 4071 375 4118 Ann.
398 4070 430 4119 VI
447 4069 491 4118 44.
