2842 4920
688 340 727 402 ll

173 551 371 636 cogitationes
394 551 446 616 vix
470 551 715 637 introspiciendas
726 550 866 637 praebet,
880 553 961 616 unde
973 559 1043 617 nata
1054 559 1099 616 est
1111 552 1241 638 suspicio

175 697 245 740 eum
281 675 364 740 aliud
398 675 431 740 in
464 683 583 762 pectore
606 676 758 756 clausum,
783 675 865 740 eliud
887 676 920 740 in
942 677 1047 761 lingua
1068 685 1244 763 promptum

175 796 285 863 habere
323 798 364 887 ¹),
400 800 482 884 quod
512 823 617 865 saevus
652 807 698 866 est
731 800 772 889 2),
795 800 876 886 quod
898 824 930 865 se
951 824 1013 866 uno
1036 807 1195 866 contentus
1217 803 1244 887 3)

175 921 345 987 taciturnus
378 933 408 988 et
439 947 604 1010 paucorum
623 925 789 990 'verborum
812 933 858 990 est
880 929 925 1011 4),
947 926 1029 1010 quod
1051 924 1175 991 acerbus
1199 934 1245 991 cst

176 1046 267 1111 etiam
300 1047 333 1110 in
366 1046 421 1127 iis,
456 1071 532 1132 quae
570 1049 627 1113 rite
649 1047 773 1136 facit⁵),
798 1049 880 1134 quod
902 1057 1035 1116 extrema
1057 1057 1141 1137 parte
1163 1050 1242 1117 vitae

180 1173 318 1239 homines
341 1173 508 1259 contemnit
530 1175 567 1263 ὅ).

220 1298 321 1362 Mores
343 1305 445 1362 autem
466 1297 578 1363 Tiberii
601 1297 639 1364 ab
661 1298 836 1384 aequalibus
860 1319 967 1386 parum
991 1299 1137 1365 intellecti
1155 1307 1245 1381 sunt,

173 1422 253 1486 alius
267 1422 362 1486 'aliud
384 1422 496 1487 crimen
520 1422 548 1486 ei
570 1422 749 1510 imputavit,
778 1424 923 1510 patientia
945 1424 1056 1489 doloris
1078 1426 1243 1500 secundum

176 1551 427 1616 existimationem
461 1550 546 1637 vulgi
578 1549 753 1617 ostendebat
774 1550 929 1617 Tiberium
952 1557 1048 1615 morte
1063 1549 1243 1627 ,Germanioi

175 1683 205 1740 et
221 1676 315 1741 Drusi
326 1675 477 1756 delectari3
490 1699 567 1761 quae
579 1675 695 1762 egregie
707 1675 845 1753 faciebat,
857 1675 889 1740 in
902 1675 1033 1740 deterius
1045 1673 1242 1740 trahebantur

175 1810 206 1865 et
236 1800 384 1887 judicium
418 1800 454 1866 de
481 1825 515 1866 eo
548 1801 683 1869 ferebant
706 1825 830 1866 suorum
853 1808 974 1868 tantum
998 1799 1241 1876 commodorum,

176 1947 236 1989 non
260 1916 303 1989 rei
323 1923 462 2011 publicae
486 1927 603 1992 ratione
624 1925 735 1992 habita.
753 1926 887 1990 Maxime
899 1925 1020 1991 'liberio
1032 1924 1150 2003 nocuit,
1161 1923 1243 2008 quod

176 2072 237 2113 non
261 2056 338 2114 esset
360 2049 451 2114 homo
474 2049 567 2114 comis
591 2056 621 2114 ct
644 2047 769 2114 affabilis
792 2057 823 2113 et
845 2049 926 2134 quod
949 2071 1011 2112 non
1032 2054 1154 2113 tantum
1177 2047 1242 2133 ejus

174 2172 248 2238 vitia
271 2173 322 2237 sod
345 2174 434 2238 etiam
457 2174 584 2239 virtutes
607 2174 777 2251 efficerent,
802 2177 840 2239 ut
862 2173 1002 2240 omnibus
1026 2171 1240 2240 invisusesset.

219 2296 349 2363 Nobiles
381 2297 460 2361 enim
493 2296 647 2363 'liberium
681 2301 757 2362 ferre
791 2320 852 2363 non
886 2304 1033 2383 poterant.
1068 2296 1138 2365 Jam
1171 2318 1242 2360 eum

174 2422 391 2507 despexerunt,
425 2421 507 2508 quod
540 2425 661 2488 fortuna
694 2422 720 2486 is
753 2421 811 2487 sibi
843 2421 1028 2509 praepositus
1059 2427 1153 2500 esset,
1188 2420 1242 2504 qui

175 2544 290 2631 origine
322 2546 447 2632 perrel
476 2545 599 2611 inferior
621 2554 701 2612 esset
722 2569 821 2632 noque
842 2544 997 2632 sanguinis
1020 2543 1148 2610 vinculis
1171 2551 1241 2608 'cum

175 2669 244 2735 divo
267 2670 351 2734 Julio
374 2694 429 2735 nec
451 2694 521 2737 cum
544 2670 613 2736 divo
636 2672 776 2757 Augusto
799 2672 979 2757 conjunctus
1002 2676 1080 2734 esset
1087 2694 1096 2749 3
1109 2669 1161 2733 sed
1174 2667 1242 2732 odio

174 2793 356 2879 implacabili
375 2818 445 2860 eum
459 2796 595 2873 oderant,
606 2794 688 2881 quod
699 2818 801 2862 eorum
815 2795 888 2861 vitia
899 2797 932 2861 in
943 2792 1104 2881 provinciis
1116 2792 1243 2878 grassari

175 2940 236 2980 non
257 2924 427 3003 pateretur,
451 2918 713 3004 improbaverunt,
737 2921 818 3005 quod
841 2942 873 2984 se
885 2919 1029 3004 neglectis
1042 2917 1152 2983 amicos
1163 2917 1243 2980 inter

174 3039 311 3106 homines
334 3066 426 3108 novos
450 3043 573 3128 eligeret
595 3052 626 3108 et
648 3045 681 3108 in
703 3045 807 3131 primis
831 3045 974 3132 Sejanum
997 3043 1113 3108 socium
1132 3039 1241 3106 laboris

174 3166 230 3231 sibi
272 3175 444 3233 assumeret.
479 3168 637 3233 Praeterea
670 3168 707 3233 iis
741 3169 856 3234 invisus
888 3176 970 3253 erat,
1005 3166 1086 3253 quod
1108 3167 1240 3233 aulicum

174 3290 364 3377 splendorem
409 3293 494 3378 parvi
533 3295 649 3376 laceret.
695 3291 779 3358 Haec
821 3290 912 3356 etiam
950 3295 997 3357 est
1038 3313 1147 3366 causa,
1187 3311 1241 3354 cur

212 3559 231 3622 1)
248 3559 341 3622 passim
359 3558 425 3622 apud
443 3558 565 3621 Tacitum,
585 3559 719 3623 praecipue
736 3558 801 3608 Ano.
819 3559 829 3608 l
848 3557 890 3609 11.

209 3662 231 3724 2)
249 3661 310 3711 Plio.
328 3662 385 3710 Nat.
405 3661 469 3711 llist.
487 3661 545 3737 XlX
562 3661 595 3711 m
608 3660 673 3727 (38).

210 3764 232 3826 3)
253 3762 324 3814 Suet.
339 3762 393 3814 Tib.
413 3762 450 3813 18.

165 3894 174 3900 -
209 3865 231 3928 ⁴)
249 3864 318 3914 Suet.
335 3865 389 3916 Tib.
405 3864 447 3915 68.
465 3865 523 3915 Tac.
539 3866 604 3917 Anu.
623 3865 713 3917 1V3t.

210 3968 232 4031 ⁵)
249 3967 307 4017 Tac.
325 3967 391 4017 Anu.
408 3970 440 4019 IV
459 3968 482 4018 7.

210 4069 232 4133 6)
249 4069 306 4119 Tac.
326 4070 391 4119 dnn.
408 4071 438 4120 Vl
455 4070 496 4119 44.
