2842 4920
687 345 728 406 29

175 579 271 641 neque
303 557 420 642 ignorat
452 580 602 621 rumorem
626 557 717 621 luisse
731 556 756 644 1)
779 544 956 640 Angustum
978 554 1116 641 precibus
1140 556 1241 619 uxoris

174 681 363 766 adoptionem
398 704 458 744 nou
492 680 650 760 abnuisse,
682 680 729 745 vel
759 680 924 745 ambitione
945 687 1095 760 tractum,
1129 689 1165 744 ut
1187 680 1242 744 tali

174 827 341 868 successore
369 804 592 869 desidera-bilior
621 806 706 868 fieret
733 807 775 883 2);
799 805 862 890 ipse
884 827 955 869 vero
977 804 1005 868 ei
1026 804 1070 867 rei
1093 804 1182 867 fidem
1206 805 1242 868 de

174 934 272 1013 negat.
298 928 357 991 Dio
380 931 471 992 refert
493 927 610 993 Liviam
634 928 773 1014 gloriari,
797 928 878 1013 quud
900 927 1055 993 Tiberium
1077 928 1242 1013 principem

174 1052 300 1118 fecisset.
336 1054 361 1136 8)
397 1052 513 1116 Verum
547 1060 603 1132 est,
636 1053 717 1136 quod
751 1053 886 1138 Vellcjus
921 1053 978 1117 hoo
1011 1053 1088 1132 loco,
1121 1052 1242 1117 'I'acitus

173 1177 263 1242 tertio
293 1176 360 1240 loco
384 1175 451 1264 (ΙΙΙ
477 1178 551 1261 56),
574 1182 604 1239 et
627 1176 788 1240 Suetonius
813 1177 858 1265 (in
881 1177 945 1242 vita
962 1177 1074 1242 Tiberii
1097 1200 1159 1262 cap.
1188 1177 1243 1264 21)

175 1309 304 1366 narrant.
329 1301 463 1386 Augusti
480 1323 550 1385 erga
561 1300 715 1364 Tiberium
736 1301 871 1365 animum
883 1325 919 1364 ex
932 1302 1076 1366 Suetonio
1089 1300 1240 1386 cognosci-

175 1449 242 1489 mus
253 1428 289 1510 4),
303 1425 468 1489 admiratur
479 1448 549 1489 eum
560 1432 714 1542 tamqugm
725 1425 875 1489 vindicem
890 1425 1009 1511 imperii
1020 1432 1052 1489 et
1063 1447 1242 1510 magnopere

175 1551 202 1613 ei
214 1550 345 1614 confidit.
358 1551 514 1614 Praeterea
525 1573 588 1614 nou
599 1550 767 1614 verisimile
779 1552 1008 1635 estAugustum
1018 1549 1244 1631 Germanicum,
1269 1626 1270 1630 η

174 1674 322 1760 praeclara
350 1674 472 1759 quidem
495 1675 595 1738 indole
617 1674 801 1760 praeditum,
825 1675 877 1738 sed
899 1648 1060 1739 admodum
1081 1676 1243 1760 juvenem,

175 1799 315 1884 adoptare
327 1799 466 1877 voluisse,
476 1821 572 1884 quum
584 1798 779 1864 Germanicus
791 1798 869 1862 nihil
880 1799 979 1863 adhuc
992 1798 1100 1883 egisset
1112 1805 1143 1862 ct
1154 1797 1243 1862 Tibe·

176 1923 238 1986 rius
251 1927 390 2008 magnam
399 1917 462 2010 jam
474 1923 602 2008 gloriam
610 1923 733 2010 adeptus
741 1934 826 1990 esset.
840 1926 956 1990 Rumor
967 1927 1054 1991 facile
1063 1925 1134 1990 oriri
1141 1926 1243 2011 potuit

130 2060 132 2064 ‘
178 2071 215 2111 ex
241 2047 373 2112 moribus
398 2049 522 2114 diversis
545 2050 679 2132 Augusti
703 2058 733 2114 et
754 2049 866 2114 Tiberii
889 2057 919 2115 et
938 2049 1243 2134 expotentiaLiviae.

220 2173 353 2237 11104.
389 2172 540 2258 Loquitur
573 2174 609 2237 de
632 2175 846 2240 coclestmsimis
876 2173 990 2238 Tiberii
1014 2174 1162 2260 operibus.
1197 2175 1245 2239 De

176 2299 317 2382 Augusto
339 2298 410 2363 satis
432 2297 541 2363 habuit
561 2299 690 2385 positivo
713 2299 760 2363 uti
784 2301 818 2384 5).

221 2419 374 2487 Gaudium
415 2424 564 2504 militum,
606 2424 737 2488 flosculis
778 2424 914 2488 oratoriis
956 2425 1158 2510 descriptum,
1193 2448 1242 2489 su·

176 2528 310 2634 spectum
332 2558 386 2614 ost.
411 2551 542 2630 Seditio,
565 2559 724 2637 postquam
746 2551 883 2616 Tiberius
902 2551 1102 2637 principatum
1118 2550 1242 2636 adeptus

176 2679 239 2751 est,
280 2682 384 2739 exorta
425 2675 556 2739 ostondit
592 2675 746 2740 'liberium
786 2699 848 2739 non
885 2674 965 2760 apud
1002 2674 1113 2739 milites
1147 2674 1244 2758 gratia

107 2809 110 2816 '
176 2800 313 2866 valuisse.
348 2801 423 2864 Arte
456 2799 556 2863 studia
588 2800 747 2863 hominum
780 2799 837 2864 sibi
871 2799 1068 2882 conciliandi,
1105 2822 1164 2883 qua
1193 2799 1241 2863 vel

176 2922 314 3008 Caligula
347 2930 378 2988 et
411 2923 494 2988 Nero
528 2923 656 3008 praediti
690 2929 789 3001 erant,
822 2920 960 2985 Tiberius
994 2921 1113 2986 carebat
1147 2930 1179 2986 et
1208 2930 1244 2987 ut

178 3048 287 3111 milites
310 3070 380 3111 eum
402 3048 638 3126 admirarentur,
661 3048 794 3132 profecto
817 3069 887 3110 eum
910 3069 970 3111 non
996 3046 1146 3113 amabant.

222 3171 444 3237 Innumeras
453 3171 711 3237 suaansaremin
719 3171 824 3236 urbem
832 3171 933 3235 traxit.
943 3170 1081 3236 Ridicula
1089 3179 1240 3240 estcausa.

177 3297 275 3381 Magis
298 3296 390 3360 Dioni
412 3297 502 3360 tidem
523 3295 619 3360 habeo
639 3296 750 3360 dicenti
769 3319 839 3360 eum
857 3295 1244 3360 Romamsecontulisscad

213 3537 233 3602 ¹)
250 3535 323 3588 Suet.
346 3538 402 3588 Tib.
424 3537 466 3588 tl,

211 3639 234 3704 ²)
250 3641 366 3690 Eandem
383 3641 496 3704 ineptam
513 3640 681 3704 suspicionem
698 3638 799 3690 Tacitus
817 3643 1004 3689 commemorat
1022 3636 1242 3701 Ann.110‚quod

177 3743 319 3793 niceriam
337 3743 369 3793 de
383 3743 482 3793 Tiberio
500 3743 614 3806 prodidit,
641 3757 720 3806 quum
740 3742 882 3807 Caligulam
899 3742 1018 3806 'eligeret¹
1032 3740 1096 3790 LVII
1113 3738 1153 3789 ul.

212 3844 235 3910 ³)
252 3846 299 3895 Dio
315 3847 379 3897 LVII
395 3845 437 3897 ld.

211 3947 234 4012 ⁴)
251 3948 322 4000 Suet.
339 3948 392 3999 Tib.
410 3949 451 3998 m.

211 4050 233 4114 5)
251 4051 311 4101 Veli.
329 4050 411 4102 1160.
