2842 4920
666 389 771 451 47,

227 598 245 664 I
269 605 297 666 3.
319 609 430 686 quotus
453 601 581 687 quisque
603 602 747 686 reliquus
771 602 1064 688 quirempublicam
1078 601 1221 668 vidisset?

227 726 243 789 Ι
268 730 297 789 1.
322 726 401 791 bona
425 725 582 791 libertatis.

226 850 297 916 11.
320 851 410 936 prisci
435 858 465 914 et
487 851 597 936 integri
622 851 722 915 moris.

119 961 120 964 ¹
225 975 242 1039 Ι
268 978 318 1040 72.
342 975 503 1040 manebant
525 976 616 1039 etiam
638 983 706 1040 tum
728 975 855 1059 vestigia
877 975 1034 1040 morientis
1057 973 1216 1041 libertatis.

214 1100 248 1163 11
272 1102 323 1166 82.
347 1100 464 1164 Drusus
486 1099 655 1181 libertatem
677 1100 799 1165 reddere
818 1100 926 1164 voluit.

196 1225 248 1289 ΙΙΙ
273 1229 323 1289 66.
348 1225 447 1308 Aegre
468 1227 526 1288 fert
549 1224 734 1289 Mamercum
757 1225 937 1315 antiquitate
959 1225 1053 1289 abuti.

195 1348 242 1412 IV
267 1353 317 1414 19.
342 1351 428 1435 qnasi
451 1351 528 1416 illud
550 1374 597 1446 res
619 1352 741 1437 publica
763 1359 849 1416 esset.

195 1475 241 1539 IV
266 1477 315 1540 19.
353 1477 544 1561 indignatur,
568 1477 650 1562 quod
684 1476 823 1541 Tiberius
845 1475 957 1539 scelera
979 1498 1075 1561 nuper
1099 1483 1215 1560 reperta

150 1601 255 1685 priscis
278 1601 376 1666 verbis
401 1602 532 1688 obtegat.

215 1724 243 1786 V
268 1729 297 1791 1.
322 1725 481 1790 sanctitate
505 1725 611 1790 domus
635 1725 767 1811 priscum
787 1725 824 1789 ad
850 1747 970 1788 morem.

194 1848 242 1913 VI
266 1852 316 1915 10.
341 1851 437 1935 prisca
461 1851 627 1916 severitate.

196 1973 241 2036 VI
265 1979 316 2039 22.
341 1974 473 2060 antiquis
492 1981 523 2039 et
544 1975 644 2038 minus
668 1975 815 2061 corruptis
839 1975 982 2040 moribus.

195 2098 242 2162 VI
269 2103 320 2166 38.
344 2101 441 2185 prisca
465 2100 585 2165 virtute.

194 2224 264 2304 Quo
299 2225 390 2288 etiam
424 2227 537 2288 factum
570 2231 632 2303 est,
666 2231 702 2287 ut
724 2224 860 2289 Tiberius
894 2224 922 2288 ei
944 2224 1060 2289 invisus
1085 2234 1163 2289 esset
1186 2232 1217 2289 et

149 2347 345 2412 admiraretur
368 2349 581 2413 Germanicum
615 2348 712 2412 filium
747 2349 855 2426 Drusi,
891 2349 944 2434 qui
971 2372 1035 2413 rem
1064 2349 1217 2436 publicam

150 2472 307 2536 restituere
331 2474 423 2537 vellet
435 2475 471 2559 1).

195 2596 253 2660 Sed
287 2598 395 2661 mentis
422 2599 516 2663 aciem
539 2621 659 2683 quoque
680 2598 888 2684 praestrinxit,
915 2599 997 2683 quod
1020 2604 1084 2662 erat
1106 2598 1217 2662 assecla

148 2721 285 2786 factionis
309 2722 509 2808 optimatium.
534 2723 566 2786 Si
576 2723 730 2800 videmus,
754 2731 866 2807 quanta
884 2723 1061 2788 difficultate
1081 2723 1166 2808 plebs
1179 2723 1217 2788 ad

148 2847 276 2910 honores
296 2847 373 2911 viam
386 2847 443 2912 sibi
455 2849 599 2912 munierit
612 2848 636 2933 2)
643 2898 653 2927 ,
665 2870 758 2932 quam
777 2848 889 2934 injusta
898 2847 1012 2932 judicia
1024 2848 1061 2911 de
1073 2847 1216 2911 Gracchis

148 2973 334 3057 reperiantur
357 2975 401 3057 ³),
435 2973 556 3057 quantis
586 2971 814 3037 difficultatibus
838 2972 973 3035 homines
987 2972 1067 3036 *novi
1090 2970 1216 3057 impedi-

147 3104 252 3160 rentur
262 3100 307 3182 ⁴),
332 3103 406 3181 quot
429 3097 528 3161 verbis
547 3096 682 3182 Vellejus
706 3119 778 3159 usus
802 3097 843 3159 sit
861 3095 892 3160 in
914 3095 1082 3159 excusanda
1094 3095 1217 3182 optione

148 3219 248 3305 Sejani
282 3229 313 3285 et
353 3243 430 3306 quae
472 3222 573 3306 opinio
609 3221 648 3284 sit
685 3220 859 3306 philosophi
895 3219 1037 3304 praeclari
1072 3218 1216 3296 Senecae,

147 3343 202 3407 nbi
225 3344 298 3407 dicit
320 3368 394 3425 noe,
419 3344 444 3407 si
467 3345 535 3431 quis
559 3346 655 3409 malus
678 3345 789 3410 nobilis
809 3345 862 3423 sit,
887 3367 958 3408 eum
981 3342 1078 3407 colere
1093 3341 1217 3421 debere,

147 3468 218 3552 quia
240 3469 365 3532 maiores
390 3491 459 3532 eum
482 3470 638 3534 illustrent
651 3469 692 3557 ⁵),
721 3470 920 3553 intelligimus
944 3468 1021 3531 banc
1044 3465 1216 3530 admiratio-

182 3691 202 3754 1)
221 3691 288 3739 Suet.
306 3690 391 3740 Claud.
413 3691 436 3740 1.
455 3692 516 3743 Tac.
540 3694 609 3742 Ann.
632 3691 705 3749 133,
726 3689 805 3740 1182.

179 3795 201 3858 ²)
220 3795 282 3844 Utile
302 3800 341 3844 ost
360 3797 477 3846 conferre
496 3797 548 3845 Lir.
567 3797 598 3846 lV
615 3793 693 3844 1-5.

178 3897 200 3959 ³)
218 3903 246 3945 ot
265 3897 323 3946 Tac.
342 3897 407 3947 Ann.
425 3899 458 3947 Ill
475 3897 516 3948 27.

178 3998 199 4061 ⁴)
219 3999 257 4048 Of.
276 3998 326 4048 Cic.
345 4000 394 4049 Pro
412 4002 480 4050 Mur.
498 3999 544 4061 15,
563 3998 609 4056 16,
628 3997 661 4047 17
680 4004 705 4048 et
722 3997 767 4047 18.

177 4099 199 4163 ⁵)
217 4099 279 4150 Sen.
303 4101 339 4150 De
358 4101 444 4151 Benef.
465 4102 497 4151 IV
515 4101 560 4152 30.
