2842 4920
690 378 729 440 37

220 590 348 654 Perveni
378 588 415 652 ad
448 590 539 654 finem
573 612 677 653 eorum
708 591 843 666 locorum
867 591 1158 669 enumerandorum,
1192 591 1246 656 ubi

176 713 310 799 Vellejus
322 714 539 799 vituperandus
559 721 621 791 est,
636 714 683 779 vel
698 714 753 779 ubi
766 738 909 779 nonaum
923 717 1029 780 ceteris
1046 718 1208 783 consentit.
1222 719 1245 795 1)

175 839 308 903 Difficile
333 846 378 902 est
405 839 572 923 quidquam
602 840 785 904 constituere
815 841 852 904 de
882 840 972 905 rebus
1000 843 1093 926 gestis
1115 841 1244 921 Tiberii,

176 963 213 1027 de
235 962 347 1047 quibus
359 962 497 1048 Vellejus
516 964 597 1047 agit,
623 965 674 1028 sed
697 987 792 1049 aequo
815 965 915 1028 animo
939 989 991 1044 ea,
1014 988 1091 1050 quae
1109 965 1245 1049 Vellejus

176 1096 293 1167 narrat,
315 1088 401 1153 nobis
425 1089 597 1174 accipienda
619 1096 709 1170 sunt,
734 1091 805 1174 quia
832 1090 1042 1154 refutationem
1064 1112 1126 1153 non
1137 1088 1245 1156 admit.

176 1219 255 1276 tunt.
292 1212 454 1277 Suetonius
486 1235 567 1276 more
595 1236 649 1276 suo
676 1214 862 1299 paucissimis
892 1213 991 1278 verbis
1022 1213 1058 1277 do
1080 1213 1142 1277 illis
1165 1212 1245 1298 agit,

175 1336 296 1401 Tacitus
330 1343 428 1415 tacet,
465 1339 536 1421 quia
570 1337 727 1402 historiam
760 1339 867 1423 incipit
897 1363 914 1402 a
940 1339 1110 1424 principatu
1133 1337 1246 1402 Tiberii
1280 1324 1283 1329 ¹

123 1535 130 1545 Ι
165 1444 206 1524 ¹et
228 1460 287 1524 Dio
311 1484 397 1546 saepe
415 1462 473 1526 fide
493 1485 554 1526 nou
570 1462 679 1547 dignus
703 1470 765 1542 est,
785 1470 821 1527 ut
835 1462 1119 1549 posteaostendam3
1142 1471 1246 1527 tamen
1349 1451 1351 1454 ⁵

177 1583 251 1649 mihi
285 1567 404 1650 videtur
434 1586 551 1672 Vellejo
586 1610 646 1650 non
680 1587 753 1651 fides
787 1587 923 1671 neganda
951 1610 1028 1666 esse,
1060 1587 1131 1672 quia
1159 1588 1244 1650 testis

175 1710 314 1774 oculatus
334 1718 379 1774 est
402 1717 433 1774 et
455 1711 536 1775 haud
560 1718 680 1796 gratum
703 1710 822 1775 Tiberio
833 1714 968 1776 facturus
979 1712 1101 1789 fuisset,
1125 1712 1150 1775 si
1163 1735 1244 1776 men-

176 1833 258 1900 dacia
279 1833 455 1920 protulisset
468 1837 507 1914 2),
530 1842 597 1899 tum
619 1858 689 1900 vero
713 1836 845 1900 multum
867 1836 946 1921 apud
963 1858 1011 1899 me
1031 1836 1132 1900 valent
1153 1835 1245 1901 verba

175 1958 325 2042 Augusti,
345 1959 398 2043 qui
421 1982 492 2023 eum
511 1960 674 2045 appellavit
696 1961 821 2025 unicum
837 1961 871 2024 P.
886 1960 923 2024 R.
940 1959 1138 2045 praesidium,
1163 1961 1244 2045 quod
1279 2011 1283 2018 .

174 2083 310 2169 Vellejus
345 2085 436 2148 etiam
472 2084 547 2148 dicit
560 2086 584 2163 3)
616 2092 647 2148 et
679 2085 711 2147 in
735 2107 805 2149 eum
828 2107 947 2148 versum
970 2084 1063 2148 Ennii
1086 2083 1242 2150 adhibuit:

177 2209 285 2284 „Unus
318 2209 408 2273 homo
432 2207 519 2273 uobis
550 2209 701 2294 vigilando
724 2208 858 2273 restituit
880 2232 943 2273 rem
955 2209 1015 2288 ⁴).‘’
1040 2211 1129 2274 Patet
1151 2210 1245 2294 igitur

173 2335 329 2400 Tiberium
352 2358 495 2419 magnum
517 2334 609 2397 fuisse
627 2333 853 2418 imperatorem,
878 2334 930 2418 qui
950 2357 1066 2419 semper
1085 2335 1244 2420 prudentia

174 2459 348 2524 excelluerit
361 2462 384 2544 ⁵)
409 2466 439 2523 et
466 2459 594 2522 Romam
616 2459 732 2543 magnis
751 2458 889 2543 perieulis
910 2457 1065 2541 liberarit;
1090 2466 1121 2522 et
1139 2459 1165 2521 si
1180 2459 1243 2543 jam

175 2584 311 2670 Vellejus
337 2583 439 2647 nimiis
468 2581 608 2648 laudibus
637 2584 738 2647 omnia
768 2583 889 2647 extollit
924 2590 954 2646 et
976 2582 1133 2647 rhetoricis
1157 2606 1243 2646 orna-

174 2708 283 2772 mentis
305 2707 465 2774 veritatem
481 2707 621 2771 nonnihil
641 2706 819 2786 conturbat,
842 2730 959 2772 summa
980 2707 1123 2771 historiae
1142 2730 1243 2771 rerum

173 2840 327 2918 gestarum
355 2854 423 2897 vera
450 2855 513 2896 esse
535 2833 663 2897 videtur.
702 2831 793 2904 Quod
822 2832 859 2895 ad
882 2839 979 2897 cetera
1002 2832 1128 2911 attinet,
1153 2833 1243 2897 etiam

174 2957 225 3020 hie
246 2957 389 3043 turgidus
413 2965 444 3021 et
467 2965 592 3021 ornatus
615 2957 703 3021 stilus
727 2958 893 3020 maximum
917 2956 1027 3021 vitium
1048 2956 1157 3043 Velleji
1181 2966 1243 3037 est,

176 3082 276 3145 omnia
287 3081 478 3168 amplissimis
494 3083 592 3148 verbis
603 3089 738 3161 exornat,
748 3082 780 3146 id
796 3105 855 3167 que
864 3082 1066 3166 maximeagit,
1078 3090 1114 3146 ut
1122 3082 1243 3146 heroem

175 3227 265 3269 suum
282 3205 383 3270 lucido
402 3206 560 3292 splendore
580 3207 810 3286 circumfundat,
835 3207 935 3291 aliqua
963 3206 1087 3288 reticet,
1107 3208 1158 3271 sed
1177 3231 1243 3272 raro

186 3367 391 3380 ——

211 3461 230 3524 ¹)
248 3460 321 3512 Suet.
343 3461 395 3511 Tib.
413 3461 437 3526 9,
455 3462 551 3530 16,17,
570 3463 610 3513 18.

210 3565 232 3628 ⁹)
249 3565 306 3616 Tac.
326 3565 390 3614 Anu.
409 3565 442 3614 111
459 3565 504 3616 47.

210 3667 231 3728 ³)
252 3666 310 3718 Vell.
328 3668 350 3717 11
368 3666 415 3718 75:
436 3669 542 3718 »vindex
559 3669 668 3719 Romani
685 3667 808 3732 imperii.’'
826 3673 852 3717 et
869 3666 970 3716 11104:
992 3666 1095 3718 »vindex
1104 3674 1242 3734 custosque

177 3772 308 3836 imperii.'’

210 3875 233 3938 ⁴)
250 3874 321 3926 Suet.
337 3875 391 3926 Tib.
409 3874 450 3925 nl.

211 3977 233 4042 ⁵)
250 3977 310 4027 vell.
328 3979 353 4027 Π
370 3976 410 4027 97.
428 3978 452 4027 Π
469 3976 527 4028 115.
544 3976 612 4026 Suet.
631 3978 683 4027 Tib.
703 3976 746 4026 19:
767 3976 897 4041 »quamvis
907 3975 1042 4025 minimum
1053 3977 1170 4026 fortunae
1180 3978 1243 4031 cusi·

175 4078 275 4144 busque
292 4079 475 4144 permitteret.”
