2842 4920
702 341 742 399 86

188 551 325 617 habuit&
361 551 524 615 Arruntius
549 551 577 615 ei
608 551 777 636 provinciae
806 552 973 616 destinatus
1000 556 1063 614 erat
1086 549 1137 614 sed
1161 550 1259 634 quali·

187 700 307 761 cunque
323 677 359 741 de
382 700 472 741 oauso
484 684 618 740 retentus
631 683 685 740 osb.
713 677 926 760 '‘Armeniam,
944 675 1088 741 Moesiam
1102 683 1133 739 el
1144 674 1259 740 Gallias

188 801 350 887 neglexil''.
378 800 468 886 Apud
486 800 624 864 Tacitum
643 808 745 865 bornen
764 801 893 885 legimus
913 800 1051 866 derebus
1072 801 1105 864 in
1117 801 1260 866 Armenio

188 926 279 1011 gestis
313 949 384 990 eura
417 925 528 990 Tiberii
540 925 567 1011 2)
599 933 630 988 el
661 926 697 989 de
720 925 809 990 rebus
831 925 924 1010 gestis
948 927 1078 1012 Poppaei
1101 926 1205 991 Sabini
1226 927 1260 990 in

189 1051 303 1114 Moesia
315 1052 357 1129 8);
370 1051 407 1114 de
419 1050 518 1114 Gallio
531 1049 855 1137 nihilreperimuspost
862 1051 1056 1116 rebellionem
1065 1051 1212 1116 Saomviri
1220 1054 1257 1135 ⁴).

233 1175 304 1260 Oap.
338 1179 390 1239 45.
426 1175 473 1239 De
507 1174 683 1239 libidinibus
715 1175 848 1257 liberii,
885 1197 962 1259 quae
994 1174 1044 1239 hie
1079 1182 1258 1253 narrantur,

188 1300 308 1384 plenius
332 1300 407 1363 mihi
430 1299 580 1385 agendum
604 1306 658 1364 est.
683 1299 787 1364 Cicero
810 1299 901 1363 dicit:
927 1299 1078 1363 nPerinde
1101 1306 1136 1363 ut
1158 1299 1259 1385 opinio

187 1430 232 1488 est
265 1424 303 1487 de
337 1424 483 1510 cujusque
515 1422 666 1502 moribus,
694 1424 737 1487 ite
766 1423 839 1508 quid
861 1422 898 1487 ab
921 1447 956 1487 eo
979 1427 1092 1488 fartum
1114 1430 1168 1487 aut
1190 1446 1251 1488 non

189 1553 300 1614 fuctum
323 1549 380 1628 sit,
411 1549 575 1612 existimari
596 1548 717 1633 potest”
732 1551 766 1632 6).
804 1548 904 1611 Mores
927 1547 1058 1625 Tiberii,
1082 1547 1186 1632 quoles
1209 1571 1260 1611 eos

187 1673 283 1756 primo
307 1672 403 1756 eapite
425 1672 584 1757 descripsi,
609 1679 645 1735 ub
667 1696 684 1737 a
707 1673 832 1737 saevitia
855 1696 915 1736 non
940 1673 1031 1737 alieni
1055 1677 1193 1754 fuerunt,
1216 1676 1260 1739 itu

187 1799 225 1863 ab
247 1801 360 1864 insanis
382 1800 443 1864 illis
466 1799 644 1864 libidinibus
669 1804 802 1886 profecto
825 1801 1055 1866 abhorruerunt.

233 1925 389 1988 Praeterea
421 1925 564 2010 juventus
596 1925 660 2011 ejus
691 1925 755 1989 sine
781 1926 897 1990 mocula
916 1927 991 2004 fuit3
1024 1926 1146 1991 nullum
1167 1927 1203 1990 de
1226 1949 1261 1991 ea

189 2048 300 2114 mulum
325 2072 475 2113 rumorem
497 2049 607 2135 vulgus
627 2050 782 2136 dispersit,
807 2050 884 2114 nihil
907 2050 1086 2132 Suetonius,
1112 2052 1165 2135 qui
1188 2051 1260 2115 talia

190 2172 321 2260 appetit,
358 2172 516 2237 memoriae
545 2173 694 2258 prodidit,
727 2196 816 2237 nemo
838 2174 865 2237 ei
895 2173 1059 2258 quidquam
1083 2173 1192 2259 objecit
1199 2200 1208 2253 3
1243 2198 1260 2238 a

191 2297 320 2361 Philone
342 2297 459 2361 Judueo
478 2321 643 2382 cognomen
662 2300 739 2384 ejus:
761 2295 957 2378 ὂπρεσβύτης
975 2297 1121 2375 traditum
1139 2304 1260 2362 tantum

190 2421 251 2485 duo
276 2421 334 2485 loei
357 2421 436 2506 opud
458 2421 596 2485 'l'acilum
619 2421 826 2501 inveniuntur,
856 2420 909 2485 ubi
932 2422 999 2485 odio
1023 2421 1168 2486 exitiabili
1190 2443 1261 2506 erga

187 2543 341 2608 'liberium
376 2544 502 2620 duobus,
537 2566 605 2607 eum
641 2544 731 2608 etiam
765 2543 865 2608 Rhodi
896 2543 1073 2610 libidinibus
1100 2545 1261 2609 indulsisse

190 2666 317 2755 dicir⁷);
352 2668 405 2750 qui
427 2674 529 2731 lamen
552 2691 613 2730 non
644 2666 701 2730 sibi
724 2673 859 2747 constet,
894 2692 988 2754 quum
1015 2669 1073 2733 ulio
1092 2669 1159 2732 loeo
1190 2692 1259 2732 eum

195 2790 330 2858 nominet
365 2791 518 2876 egregium
537 2790 618 2869 ¹vila
652 2795 804 2877 famaque,
846 2793 944 2876 quoa-d
978 2793 1111 2879 privatus
1141 2793 1191 2857 vel
1227 2793 1260 2856 in

189 2915 323 3001 imperiis
358 2915 414 2980 sub
449 2918 589 3002 Augusto
615 2917 719 3002 fuit8).
755 2917 968 3003 Agrippinam,
1003 2940 1126 2981 uxorem
1157 2940 1257 2994 suum,

227 3317 244 3378 1)
263 3316 326 3366 Tac.
350 3317 419 3366 Ann.
441 3317 475 3366 VI
492 3316 533 3365 33.

224 3418 246 3481 ⁹)
283 3436 294 3464 u
383 3435 394 3465 u
448 3418 480 3467 Vl
497 3415 537 3466 33.

222 3521 243 3582 3)
280 3548 291 3574 n
380 3537 391 3567 u
445 3519 603 3587 vl37,45.

223 3621 245 3677 ⁴)
282 3640 293 3668 u
383 3640 394 3670 u
447 3623 479 3673 Vl
497 3622 540 3673 46.

225 3724 247 3785 5)
284 3741 295 3770 u
384 3743 395 3772 u
449 3726 542 3777 [1147.

224 3828 245 3885 ¹¹)
264 3828 312 3876 Cle.
330 3843 376 3891 pro
396 3828 494 3880 Cluent.
514 3830 580 3880 XXV
600 3830 642 3880 70.

224 3927 244 3983 7)
262 3929 323 3977 l'uc.
346 3931 413 3979 dnn.
437 3931 496 3994 ld,
516 3932 547 3981 lV
565 3931 609 3982 57.

225 4032 246 4085 ”l
263 4031 325 4081 Tne.
349 4033 418 4082 dnn.
442 4034 473 4083 Vl
491 4032 536 4083 57.

236 4088 240 4095 ι
