2842 4920
699 374 717 431 6

172 581 273 643 animo
284 583 425 665 profiteor
436 582 473 646 de
485 589 581 646 aetate
591 583 783 668 imperatoria
799 584 917 669 scripsit
927 584 959 649 in
970 585 1058 649 libro:
1074 586 1240 661 „Constan-

173 705 230 790 tijn
253 704 289 768 de
312 703 425 770 Groote
448 728 486 770 en
505 706 565 791 zijn
577 708 809 792 voorgangers”,
833 708 1003 793 ubiquovis
1015 709 1081 774 loco
1093 710 1242 796 probatse

174 853 234 895 non
269 839 387 895 tantum
422 831 453 896 id
487 831 633 912 scribere,
664 832 743 917 quod
766 841 878 897 veteres
901 834 1059 919 scriptores
1081 833 1242 898 memoriae

173 955 357 1041 prodiderint
390 955 442 1020 sed
475 963 538 1020 arte
572 956 672 1021 critica
706 955 841 1021 adhibita
876 981 943 1021 suas
978 958 1132 1044 opiniones
1162 959 1239 1024 dore.

174 1079 294 1144 Laudat
316 1078 470 1145 Tiberium
493 1080 531 1145 ob
553 1080 704 1166 praeclara
726 1084 804 1145 facta
827 1081 1236 1166 etfidemdenegatrumori·

174 1204 231 1269 bus
256 1204 292 1268 de
315 1210 411 1270 morte
434 1206 624 1284 Germanici;
650 1206 808 1283 veritatem
832 1230 952 1286 eorum,
976 1229 1053 1291 quae
1076 1207 1113 1271 de
1125 1229 1242 1271 secessu

175 1327 207 1393 in
241 1327 361 1414 Capreis
394 1329 574 1411 traduntur,
609 1353 670 1396 non
694 1330 853 1396 addubitat
875 1337 905 1395 et
928 1331 993 1417 ejus
1016 1330 1242 1394 haesitationem

175 1453 333 1539 vituperat.
371 1454 428 1518 Vir
459 1454 505 1520 Ol.
538 1454 642 1520 Naber
680 1455 797 1540 scripsit
832 1454 1114 1520 commentationem
1138 1454 1174 1518 dc
1195 1454 1242 1517 his

175 1578 259 1642 libris
281 1577 330 1642 in:
351 1577 408 1642 ade
431 1576 528 1643 Gids''
549 1580 573 1664 1)
598 1578 655 1643 sub
678 1578 787 1643 titulo:
815 1579 919 1653 ''Onze
941 1579 1048 1643 kennis
1072 1578 1124 1643 der
1147 1586 1241 1642 eerste

176 1701 375 1767 Romeinsche
386 1702 532 1781 kcizers”,
546 1703 598 1768 ubi
609 1702 756 1789 percurrit
766 1703 922 1767 historiam
934 1703 1068 1788 priorum
1079 1702 1241 1767 Caesarum

178 1834 208 1892 et
227 1827 365 1914 pluribus
382 1827 478 1893 verbis
502 1828 539 1893 de
562 1826 681 1892 Tiberio
704 1827 773 1912 egit.
801 1828 940 1892 Declarat
963 1827 1020 1892 sibi
1036 1835 1170 1892 constare
1181 1826 1242 1891 his·

177 1952 284 2017 toriam
297 1953 401 2018 aetatis
413 1952 621 2039 imperatoriae
632 1952 861 2018 incertissimam
874 1977 936 2018 esse
944 1960 975 2040 et
983 1953 1078 2019 multa
1086 1954 1118 2017 in
1127 1976 1161 2017 ea
1169 1953 1242 2017 falsa

177 2077 293 2162 referri,
311 2101 402 2163 quam
425 2077 596 2164 opinionem
620 2077 724 2142 multis
748 2078 891 2164 exemplis
914 2080 1078 2143 confirmat.

223 2201 315 2266 Liber
338 2202 450 2267 Stchrii
472 2203 504 2267 in
527 2203 627 2267 Gallia
650 2226 770 2288 quoque
790 2203 1116 2267 hominumdoctorum
1129 2210 1244 2267 mentes

178 2327 216 2393 ad
249 2349 281 2390 se
303 2327 460 2392 convertit.
485 2326 735 2412 Elegantissimus
758 2326 884 2411 scriptor
905 2325 1038 2390 Boissicr
1061 2326 1092 2390 in
1119 2327 1244 2402 'sRevue

179 2452 230 2517 des
263 2453 342 2517 deux
378 2450 525 2516 Mendes'’
551 2453 575 2536 2)
606 2450 842 2536 disputationem
865 2449 901 2513 de
925 2448 1108 2515 delatoribus
1131 2449 1244 2531 edidit,

179 2601 239 2662 qua
259 2575 330 2641 libri
349 2575 460 2641 Stahrii
472 2597 541 2639 cum
553 2573 772 2659 vituperatione
787 2573 971 2638 mentionem
983 2575 1062 2639 fucit.
1078 2575 1206 2660 Ampbre
1218 2576 1243 2659 3)

179 2701 232 2766 ubi
265 2700 420 2767 historiam
454 2700 559 2765 aetatis
592 2698 799 2785 imperatoriae
834 2721 872 2762 ex
905 2701 1126 2781 monumentiS,
1170 2721 1245 2785 quae

180 2824 293 2889 Romae
315 2831 494 2910 supersunt,
526 2824 662 2910 scripsit,
694 2846 876 2908 quamquam
898 2823 1033 2887 concedit
1056 2824 1119 2887 fieri
1140 2847 1243 2909 posse,

180 2957 216 3014 ut
248 2951 407 3034 Augustus
439 2951 523 3036 pejor
549 2950 640 3014 fuerit
663 2971 754 3034 quam
777 2970 815 3010 ex
838 2947 1031 3032 scriptoribus
1054 2954 1194 3033 appareat
1216 2954 1246 3012 et

180 3074 316 3138 'liberius
338 3074 459 3152 melior,
482 3083 583 3140 tamen
605 3075 637 3138 in
650 3073 846 3159 descriptione
858 3071 972 3137 Tiberii
985 3080 1115 3136 veterem
1128 3072 1243 3157 opinio-

182 3220 251 3260 nem
285 3198 428 3282 sequitur.
465 3198 551 3262 Idem
584 3198 656 3262 facit
689 3196 838 3277 Boutta,
873 3196 925 3280 qui
956 3197 1060 3261 eodem
1083 3196 1187 3260 Diario
1210 3195 1247 3260 de

181 3320 293 3386 Tiberii
315 3322 378 3386 vita
399 3321 518 3407 scripsit
539 3330 570 3388 et
591 3322 781 3409 praecipuam
803 3343 906 3385 curam
928 3320 1062 3385 fontibus
1078 3321 1246 3385 archaeolo·

182 3446 256 3532 gicis
278 3445 394 3511 tribuit.

219 3733 239 3789 ι)
257 3731 322 3781 rece

216 3826 321 3900 arser

351 3747 385 3781 m.
404 3733 512 3796 Mart).

351 3851 383 3884 m.
402 3835 482 3899 Dec.)

340 3733 350 3796 (

339 3836 349 3899 (

218 3938 240 4001 ³)
259 3935 324 3986 1865
340 3938 380 4001 (m
398 3937 472 3999 Nou.)
489 3937 553 3987 traec
570 3937 705 4000 disputatio
723 3936 800 3986 etiarn
819 3936 947 3986 invenitur
965 3935 1077 3986 inlibrc:
1099 3935 1247 3985 »L'histoire

184 4024 307 4074 Romame
325 4023 339 4072 h
357 4022 470 4073 Rome.’'

218 4109 240 4172 ⁴)
257 4105 324 4157 1868
341 4107 388 4172 (m.
405 4107 488 4172 Maio.)
506 4111 532 4157 et
549 4105 638 4156 Tibbre
656 4110 682 4156 et
698 4105 713 4155 1’
724 4105 840 4169 hdritage
857 4105 996 4169 d'Auguste
1013 4104 1091 4155 1868.
