2842 4920
651 368 714 428 119

150 587 418 656 commemoratur,
452 579 505 663 qui
539 580 637 643 multa
669 602 724 644 sua
755 602 846 642 manu
885 578 1045 659 scriberet,
1074 603 1151 664 quae
1181 603 1218 643 ne

152 705 295 770 ministris
318 705 439 790 quidem
462 705 676 769 committenda
699 703 918 789 essejudicaret
930 705 971 782 ¹);
987 703 1120 788 legimus
1128 683 1220 768 Ἡδε-7

150 829 228 893 rium
251 829 284 893 in
306 828 500 913 Campaniam
522 826 759 912 proficiscentem
781 828 877 892 multa
900 827 931 893 iu
954 828 1028 892 urbe
1039 836 1175 913 suspecta
1187 837 1218 893 et

68 1031 72 1037 Ι
149 954 246 1018 invisa
278 954 434 1038 reliquisse
446 956 488 1032 ἧς
520 954 686 1039 jucundam
716 955 918 1019 narrationem
940 954 1128 1033 invenimus,
1159 978 1218 1040 qua

151 1077 318 1142 ostenditur
354 1078 509 1143 Tiberium
541 1079 666 1143 minime
700 1078 860 1163 prodigum
892 1079 1022 1165 fuissess)
1032 1128 1042 1158 ,
1065 1080 1245 1165 praeterea¹

151 1203 401 1290 vituperationem
422 1203 535 1269 Tiberii
558 1205 591 1268 in
614 1204 772 1290 prodigum
795 1204 843 1269 his
864 1204 981 1269 verbis:
1009 1212 1094 1279 assero
1118 1228 1219 1291 exper-

151 1336 250 1393 rectus
272 1327 324 1391 es'’
337 1329 378 1414 4);
403 1329 532 1412 legimus
556 1328 686 1412 denique
708 1329 890 1393 Montanum
909 1327 1040 1393 amicitia
1060 1336 1091 1393 et
1109 1330 1220 1414 frigore

115 1513 117 1517 ,
151 1453 262 1519 Tiberii
281 1461 387 1518 notum
408 1476 471 1518 esse
482 1454 520 1542 5).
540 1453 587 1518 De
606 1477 695 1518 causa
713 1452 839 1517 Libonis
858 1453 1051 1538 reperiuntur
1061 1455 1219 1536 quaedam,

98 1602 100 1607 ’
152 1602 228 1663 quae
250 1578 347 1643 Taciti
368 1578 577 1643 testimonium
598 1577 784 1663 redarguunt
796 1577 831 1665 6).
857 1577 946 1640 Nihil
970 1575 1006 1640 de
1028 1577 1140 1642 Tiberii
1151 1577 1219 1642 libi-

152 1702 273 1768 dinibus
288 1673 461 1781 invenitur,
484 1726 668 1787 quemquam
691 1702 799 1766 harum
818 1702 1145 1767 commemorandarum
1157 1726 1218 1767 sae-

152 1828 220 1915 pius
253 1827 379 1892 facultas
413 1828 518 1905 datur,
554 1833 590 1891 ut
623 1827 688 1891 loco
721 1827 795 1907 illo,
825 1825 879 1901 ubi
910 1826 947 1892 de
969 1849 1085 1891 secessu
1109 1825 1172 1911 agit
1183 1827 1220 1911 ⁷).

152 1951 264 2015 Tamen
287 1950 359 2015 huic
381 1952 424 2015 rei
448 1974 508 2015 non
531 1951 664 2016 multum
687 1951 882 2025 tribuendum
901 1975 964 2016 esse
980 1950 1128 2037 intelligo.
1142 1929 1220 2015 Con·

153 2074 234 2139 sulto
265 2097 368 2138 omnes
399 2075 497 2154 locos,
529 2075 639 2160 quibus
669 2076 779 2145 Seneca
808 2077 846 2141 de
867 2076 986 2141 Tiberio
1009 2076 1081 2160 agit,
1104 2055 1221 2161 collegi,

154 2197 226 2284 quia
266 2222 337 2264 casu
374 2199 407 2263 in
446 2201 509 2285 ejus
553 2199 736 2267 mentionem
769 2199 876 2277 incidit
909 2211 940 2265 et
972 2208 1069 2266 aetate
1102 2199 1229 2265 Tiberio.

153 2324 307 2410 proximus
330 2332 382 2390 est.

200 2448 263 2513 Sub
297 2448 418 2512 Nerone
452 2451 488 2514 de
518 2450 637 2516 Tiberio
658 2459 758 2516 narrat
776 2450 922 2536 quaedam
944 2449 1105 2514 Petronius
1118 2451 1152 2527 ⁸),
1179 2449 1217 2513 de

155 2574 265 2658 quibus
282 2575 344 2660 jam
366 2575 403 2639 ad
426 2575 557 2640 Dionem
580 2575 675 2641 LVII
699 2579 739 2640 21
765 2576 822 2661 egi.

200 2697 343 2782 Sequitur
366 2698 502 2775 Plinius,
525 2700 577 2783 qui
600 2722 678 2764 anno
705 2703 743 2765 77
768 2700 837 2765 Tito
858 2722 933 2785 opus
951 2722 1041 2763 suum
1064 2696 1221 2763 dedicavit.

156 2821 203 2886 De
224 2822 283 2887 fide
305 2823 369 2907 ejus
393 2822 531 2888 dubitare
555 2848 615 2888 non
637 2848 814 2910 possumus,
840 2826 910 2910 quia
933 2824 997 2889 sine
1015 2825 1060 2888 ira
1082 2832 1112 2888 et
1124 2824 1224 2896 studio

156 2945 261 3010 scribit
294 2954 325 3010 et
356 2955 509 3031 praeterea
541 2949 732 3014 doctissimus
767 2958 797 3015 et
819 2950 1069 3035 diligentissimus
1104 2949 1222 3037 fuit⁹);

156 3070 311 3155 complura
344 3071 423 3156 apud
458 3095 527 3136 eum
561 3074 763 3159 reperiuntur,
798 3098 875 3159 quae
908 3074 947 3139 ad
979 3074 1134 3140 Tiberium
1157 3097 1225 3160 per·

156 3194 263 3260 tinent.
300 3195 347 3260 De
381 3196 443 3262 vita
479 3198 543 3282 ejus
574 3198 647 3263 haec
678 3207 856 3264 occurrunt:
892 3200 1046 3264 festinatio
1076 3199 1109 3262 in
1130 3208 1224 3264 morte

194 3451 291 3514 ¹)4Seu.
308 3453 354 3517 Ep.
373 3452 412 3511 83.
433 3453 474 3504 15.

192 3537 215 3600 ²)
259 3553 271 3585 u
327 3554 338 3585 o
372 3536 412 3602 83,
432 3538 475 3592 14.

192 3620 214 3686 ³)
327 3640 338 3671 a
371 3623 411 3690 94,
430 3627 474 3677 42.

260 3638 271 3669 a

260 3723 271 3754 n
326 3724 338 3755 a
372 3708 429 3770 122,
448 3710 489 3764 10.

260 3807 272 3839 n
327 3809 338 3840 u
373 3793 429 3859 12⁴2,
447 3795 491 3847 ll.

193 3874 216 3937 ⁶)
260 3892 272 3923 a
327 3893 338 3925 u
373 3876 411 3936 70,
430 3880 470 3931 10.

195 3960 216 4024 7)
234 3961 292 4012 Seu.
309 3961 344 4016 ue
362 3966 444 4028 tranq.
463 3980 504 4016 an.
523 3968 533 4017 Ι
551 3967 594 4019 13.

193 3705 215 3766 ⁴)

193 3789 215 3850 ⁵)

194 4045 217 4109 ⁸)
233 4046 306 4097 Petr.
328 4051 379 4104 sar.
398 4047 439 4100 51.

193 4148 215 4212 ⁹)
232 4148 295 4197 Plin.
312 4146 361 4206 En.
383 4143 459 4193 1115.
