2842 4920
709 352 748 413 10

192 562 339 649 patienter
362 570 471 628 mortes
494 586 616 627 suorum
640 567 698 628 fert
718 565 754 648 ¹),
774 562 968 627 offensionem
988 584 1047 626 non
1072 563 1198 648 pavidus
1215 571 1260 628 est

195 688 347 755 nobilibus
371 713 431 754 non
454 690 568 776 parcit,
591 689 614 754 si
637 689 711 776 quid
736 689 930 775 deliquerunt
953 696 983 753 et
995 711 1098 753 eorum
1110 688 1260 775 vitupera·

195 813 308 879 tionem
316 835 379 878 non
387 821 481 893 curat,
491 814 913 900 quominterhominesnovos
922 813 1076 877 Lucilium
1086 812 1259 899 Longumr)

195 944 224 1002 et
241 937 382 1023 Sejanum
395 940 419 1023 8)
432 938 542 1003 emioos
555 937 612 1002 sibi
625 938 726 1023 eligat,
739 936 881 1005 beneficia
893 936 957 1000 sine
968 935 1082 1021 gratiae
1093 934 1261 1021 captatione

194 1060 300 1126 tribuit
312 1063 351 1148 ⁴),
362 1062 465 1126 firmus
478 1069 523 1127 est
531 1062 671 1128 adversus
678 1061 836 1148 pecuniam
848 1064 881 1147 ⁵),
891 1061 1072 1127 hereditates
1082 1083 1143 1126 non
1152 1059 1260 1146 adit0),

193 1185 310 1250 labores
329 1193 410 1251 amat
426 1187 460 1268 ⁷),
481 1187 602 1272 negotia
621 1210 683 1251 non
702 1195 864 1273 gravatur,
881 1186 1013 1252 officium
1030 1185 1131 1270 magni
1150 1184 1221 1250 feeit
1232 1192 1262 1249 et

194 1309 335 1374 omnibus
346 1309 436 1376 rebus
446 1311 622 1398 praeponit,
645 1312 791 1398 intelligit
805 1334 915 1377 munus
929 1334 1018 1375 suum
1030 1333 1133 1374 omnes
1145 1308 1261 1373 labores

195 1457 212 1499 o
228 1457 260 1499 se
275 1435 437 1520 postulare,
455 1435 576 1521 judiciis
594 1436 657 1522 ipse
676 1436 819 1517 interest,
839 1436 872 1499 in
884 1442 1021 1500 senatum
1033 1456 1119 1519 saepe
1130 1432 1214 1498 venit
1226 1433 1262 1512 ⁸),

195 1582 310 1644 semper
321 1558 457 1624 intentus
469 1567 514 1624 est
525 1559 617 1625 saluti
628 1567 691 1624 tam
704 1559 789 1625 urbis
803 1582 891 1646 quam
900 1557 1123 1646 provinciarum
1131 1560 1169 1643 9);
1179 1579 1262 1641 mag-

196 1706 267 1749 nam
279 1683 408 1769 speeiem
418 1684 475 1751 sibi
483 1685 583 1750 animo
592 1686 730 1771 concepit
739 1687 790 1773 1⁰),
800 1686 895 1772 magis
904 1707 992 1749 curae
1000 1683 1027 1748 ei
1036 1682 1120 1747 estin
1128 1689 1262 1768 posteros

196 1806 321 1872 ambitio
355 1831 446 1893 quam
479 1809 576 1894 gratia
611 1810 783 1896 aequalium
804 1809 854 1899 11).
889 1810 927 1875 In
950 1807 1088 1895 plurimis
1112 1805 1202 1871 rebus
1224 1805 1294 1872 ad*

197 1932 401 1999 Romanorum
424 1941 559 2000 veterum
583 1935 753 2021 exemplum
778 1958 809 1999 se
831 1933 1002 2021 componit,
1022 1931 1261 2017 quoetiamper·

196 2056 290 2137 tinet,
315 2058 396 2144 quod
419 2059 549 2126 libenter
572 2060 677 2147 priscis
700 2059 798 2126 verbis
821 2058 982 2147 moure).
1007 2056 1167 2122 Vitiaeius
1180 2063 1263 2136 sunt,
1327 2045 1330 2053 ¹

197 2181 277 2267 quod
300 2191 459 2250 eunotatur
471 2185 510 2265 18)
520 2236 529 2267 ,
553 2186 633 2270 quod
656 2185 757 2250 lentus
780 2191 825 2249 est
847 2183 879 2247 in
898 2182 1012 2268 agendo
1021 2231 1031 2262 ,
1056 2178 1136 2266 quod
1154 2179 1212 2244 sibi
1232 2186 1263 2244 et

195 2306 262 2373 aliis
285 2330 347 2373 non
371 2310 510 2387 confidit,
534 2310 616 2395 quod
627 2310 764 2396 suspicax
777 2316 840 2389 est,
853 2308 935 2394 quod
946 2305 1040 2372 animi
1052 2304 1158 2371 robore
1170 2308 1260 2385 earet,

196 2438 232 2499 ut
254 2433 386 2503 ostendit
407 2433 438 2498 in
462 2457 579 2499 secessu
601 2435 742 2522 repetito,
762 2434 843 2520 quod
866 2430 1026 2517 aliquando
1050 2430 1172 2495 intimas
1194 2451 1263 2493 suas

233 2649 253 2714 1)
270 2649 332 2700 Tac.
355 2649 422 2699 Ano.
445 2649 477 2699 lV
495 2648 518 2714 8,
536 2648 598 2700 Ssn.
621 2651 699 2700 Coos.
721 2650 752 2699 ad
771 2650 807 2699 M.
830 2647 904 2706 XV3,
923 2647 983 2700 San.
998 2647 1073 2699 Cone.
1082 2647 1113 2696 ad
1123 2646 1175 2696 Pol.
1185 2644 1229 2697 XV
1238 2643 1262 2707 5,

198 2751 243 2800 Dio
260 2752 323 2801 LVll
341 2751 381 2815 14,
399 2752 441 2804 33.

232 2854 253 2917 Β)
271 2853 328 2903 Teo.
347 2853 411 2903 Ano.
430 2855 461 2905 IV
479 2853 520 2906 15.
538 2855 701 2905 Praeclarum
716 2854 839 2917 judicium
857 2854 911 2903 tulit
930 2854 961 2902 de
971 2852 1082 2917 quodam
1094 2851 1180 2901 Curtio
1189 2850 1264 2915 Ruso,

197 2956 229 3005 de
246 2936 297 3020 quo
315 2955 428 3006 dicebat:
450 2958 563 3007 »videtur
580 2957 642 3007 mihi
660 2971 690 3006 ex
707 2971 735 3006 se
753 2961 829 3006 natus
847 2955 928 3007 esse.''
946 2955 1007 3005 Tac.
1030 2953 1099 3004 Ano.
1122 2952 1158 3001 XI
1176 2950 1220 3002 31.
1298 2933 1301 2937 .

231 3060 253 3122 3)
270 3059 330 3109 Vell.
348 3060 372 3108 ll
389 3058 446 3110 137.

232 3161 251 3221 ⁴)
270 3159 327 3210 Sen.
345 3161 376 3210 de
395 3163 455 3211 Ben.
474 3164 497 3211 ΙΙ
516 3163 537 3215 7.
555 3163 583 3212 3.

232 3264 253 3326 5)
271 3262 331 3315 Tac.
348 3264 414 3313 Arm.
431 3266 467 3313 Ill
485 3264 529 3314 18.

233 3370 254 3433 θ)
297 3388 308 3416 ))
373 3387 384 3416 n
437 3368 522 3418 1148.

234 3471 311 3529 7)»
393 3490 403 3520 n
448 3472 477 3522 lV
499 3471 535 3521 13.

232 3576 255 3637 ⁸)
299 3592 311 3622 o
389 3592 400 3622 a
461 3573 530 3624 175
548 3573 616 3623 Suet.
634 3571 686 3622 Tib.
705 3571 746 3623 33.
764 3569 805 3622 30.
823 3571 883 3621 Vel!
901 3570 923 3619 n
939 3567 997 3618 126
1015 3568 1041 3619 3.

233 3678 312 3741 9)»
392 3693 404 3725 a
448 3676 520 3737 lV6,
539 3676 571 3726 lv
588 3671 981 3738 17‚11137.Ve11.11rro.r.

234 3780 266 3841 ¹⁰)
303 3796 314 3827 r
395 3798 406 3827 o
459 3781 490 3830 lv
508 3778 549 3829 38.

234 3882 314 3937 ΙΙ))
308 3899 319 3927 ))
400 3898 411 3929 r)
452 3882 484 3931 Vi
502 3879 543 3932 46.

236 3983 267 4046 ¹²)
284 3982 352 4032 Suet.
371 3983 434 4048 Aug.
453 3983 492 4032 86.
511 3983 568 4033 Tac.
587 3983 652 4032 Ano.
670 3980 707 4032 iV
725 3980 765 4030 16.

234 4089 269 4152 ¹³)
286 4081 353 4135 Μίαν.
372 4087 420 4136 .s.lo
437 4087 492 4135 Ant
510 4086 565 4136 J.u‹1
583 4084 623 4134 18.
641 4083 694 4134 6.”
680 4100 704 4134 υ.
