2842 4920
647 383 710 450 loa

147 588 294 689 discrepat
305 602 346 679 1),
369 601 421 686 qui
440 601 495 666 tali
505 601 537 664 in
550 624 582 665 re
592 587 801 686 praeferendus
813 608 867 666 est.
896 601 955 664 Dio
967 608 1069 666 namot
1080 599 1214 668 Nervam

149 735 276 792 mortem
300 726 360 790 sibi
383 727 562 792 conscivisse
586 726 624 791 ob
646 725 726 811 leges
750 725 787 789 do
809 748 841 789 re
864 726 1032 789 nummaria
1055 749 1072 788 a
1094 726 1214 791 Tiberio

147 853 243 932 latas,
267 853 349 937 quod
371 875 408 915 ex
431 875 462 915 se
482 852 548 938 ipso
568 854 632 936 jam
654 835 764 916 falsum
786 842 915 917 videtur.

192 978 252 1041 Dio
274 977 347 1042 dicit
368 976 522 1040 'liberium
544 975 744 1041 nobilissimos
767 984 951 1040 accusatores
974 999 1036 1040 uno
1060 976 1214 1041 dielnter·

147 1103 197 1168 fici
217 1102 359 1188 jussisse,
383 1125 478 1186 quum
501 1101 623 1165 Tacitus
646 1099 721 1164 duos
743 1107 863 1165 tantum
887 1100 1022 1165 nominet
1035 1100 1071 1188 l).
1119 1135 1122 1140 ·

192 1229 303 1294 LVIII
327 1233 377 1292 22.
401 1227 529 1291 Causam
552 1225 633 1292 Sext.
657 1225 749 1289 Marii
773 1225 860 1289 aliter
882 1248 899 1287 a
922 1225 1021 1289 Dione
1046 1232 1214 1308 enarratam

147 1354 318 1420 invenimus
351 1359 442 1436 atque
476 1350 619 1414 aTacito
633 1351 675 1434 ³),
711 1350 763 1434 qui
788 1349 844 1414 hac
867 1349 900 1413 in
922 1371 955 1413 re
976 1372 1096 1435 quoque
1119 1350 1213 1435 magis

149 1477 315 1543 audiendus
345 1483 389 1541 est
419 1483 482 1540 tam
513 1482 634 1562 propter
663 1481 791 1538 aetatem
814 1494 905 1559 quam
929 1480 1051 1560 propter
1071 1473 1212 1538 indolem.

195 1602 333 1666 Tiberius
356 1600 499 1685 reliquias
522 1599 614 1663 Drusi
637 1599 803 1664 occultasse
825 1598 951 1680 dieitur,
987 1621 1082 1683 quum
1106 1598 1212 1662 Sueto-

150 1727 218 1794 nius
230 1731 255 1813 4)
279 1727 378 1792 tradat
400 1748 470 1790 eum
493 1725 610 1790 easdem
629 1724 812 1810 dispersisse.
836 1723 999 1810 Complura
1020 1747 1113 1805 nova,
1136 1747 1214 1809 quae

148 1833 219 1918 Dio
233 1852 331 1916 Taciti
354 1859 385 1915 et
408 1849 545 1914 Suetonii
568 1848 731 1913 narrationi
754 1848 854 1926 edna,
877 1848 1004 1914 ridicula
1025 1856 1108 1915 sunt.

193 1976 338 2041 Plancina
371 1981 439 2060 post
461 1981 589 2038 mortem
611 1973 795 2058 Agrippinae
818 1972 945 2037 demum
968 1973 1125 2038 interfecta
1148 1995 1213 2038 esse

150 2081 277 2180 dicitur,
301 2124 339 2165 ne
361 2099 528 2186 Agrippina
551 2122 587 2162 ex
610 2122 644 2161 ea
667 2121 699 2163 re
723 2099 908 2182 voluptatem
930 2103 1057 2183 caperet.
1084 2098 1130 2162 De
1151 2122 1212 2183 quo

152 2248 272 2289 rumore
293 2225 421 2288 ridiculo
441 2224 504 2309 jam
528 2223 607 2309 apud
629 2222 767 2287 Tacitum
791 2223 839 2307 egi
852 2225 887 2306 ὅ).
993 2312 996 2317 ,
1159 2197 1161 2201 ⁴

196 2348 308 2414 LVIII
332 2353 384 2413 23.
408 2347 561 2412 liberium
585 2347 692 2433 Gajum
716 2347 840 2432 elegisse
864 2348 991 2427 dicitur,
1023 2348 1105 2433 quod
1128 2348 1217 2413 sciret

152 2481 291 2559 nepotem
324 2473 363 2537 ab
397 2496 432 2536 eo
465 2472 658 2537 interfectum
693 2472 730 2535 iri
763 2480 794 2537 ot
816 2471 896 2557 quod
921 2473 1029 2558 Gajnm
1052 2473 1217 2557 pessimum

152 2597 214 2664 fore
236 2598 455 2684 suspicaretur,
478 2597 570 2682 idque
592 2598 619 2661 ei
642 2597 681 2661 ob
703 2597 778 2661 duas
798 2619 900 2661 causas
919 2603 1040 2681 gratum
1060 2596 1166 2678 fuisse,
1188 2605 1218 2661 et

150 2731 186 2788 ut
201 2724 328 2808 gloriam
344 2729 498 2809 quaereret
510 2745 547 2786 ex
558 2723 778 2808 comparatione
791 2722 817 2807 θ)
830 2729 860 2786 et
872 2730 907 2786 ut
919 2721 1033 2785 nobiles
1045 2721 1136 2784 etiam
1148 2728 1217 2806 post

151 2849 217 2934 ejus
240 2854 367 2912 mortem
389 2847 530 2933 perirent.
554 2846 684 2911 Difficile
707 2854 753 2910 est
775 2846 902 2931 reperire
926 2847 1109 2931 quidquam,
1133 2846 1214 2929 quod

152 2972 246 3056 magis
268 2976 386 3037 fatuum
408 2978 439 3035 et
461 2971 590 3036 stultum
613 2971 663 3036 sit.
682 2969 802 3035 Tacitus
814 2969 906 3033 tradit
916 2968 1072 3032 Tiberium
1084 2968 1215 3032 multum

152 3104 182 3160 et
204 3096 257 3160 diu
278 3096 335 3160 hac
357 3096 394 3160 de
416 3117 448 3159 re
470 3095 626 3179 cogitasse,
649 3094 720 3179 quia
737 3094 765 3158 ei
783 3093 817 3157 in
835 3100 971 3180 posteros
981 3090 1107 3157 ambitio
1126 3099 1216 3172 esset,

151 3219 203 3284 sed
225 3220 332 3284 deinde
354 3222 416 3284 fato
439 3219 607 3304 permisisse
619 3218 653 3298 ⁷).

187 3505 208 3571 ¹)
225 3505 283 3557 Tac.
301 3506 370 3556 Anu.
393 3505 427 3557 v1
444 3504 488 3556 32.

185 3608 208 3673 ²)
225 3608 283 3659 Tac.
302 3609 372 3659 Ann.
394 3609 426 3659 vi
443 3607 488 3658 36.

186 3711 209 3776 8)
226 3711 284 3762 Tac.
301 3711 368 3764 Anu.
384 3712 418 3763 vi
434 3709 475 3761 25.

186 3811 209 3878 ⁴)
226 3813 294 3865 Suet.
312 3813 370 3866 Tib.
392 3813 436 3867 64.

186 3915 209 3981 ⁸)
226 3916 288 3968 Tac.
310 3919 380 3970 Ann.
402 3920 436 3970 VI
452 3917 493 3971 32.

109 4008 112 4014 ¹
185 4019 208 4084 ⁶)
224 4020 262 4070 De
278 4021 393 4086 Augusto
412 4022 489 4072 etiam
507 4020 634 4086 reperitur
650 4019 708 4072 Tac.
724 4019 790 4072 Anu.
806 4015 846 4070 10.
864 4019 933 4070 Suet.
950 4017 1003 4070 Tib.
1021 4016 1065 4070 al.
1191 4023 1192 4027 ’

187 4120 210 4189 ⁷)
227 4123 288 4175 Tac.
311 4124 376 4175 Ann.
394 4124 485 4177 V152.
