2842 4920
644 368 686 429 45

133 584 226 649 talem
238 607 269 648 se
280 583 495 648 existimarent.
515 582 546 644 si
556 581 618 666 jam
631 579 802 644 libertatem
813 601 874 642 non
883 577 965 641 dedit
976 627 985 656 ,
998 577 1204 642 demonstrant

133 708 206 773 talia
230 708 319 773 verba
337 715 438 772 tamen
455 730 524 771 eum
540 705 673 770 libertati
689 705 805 769 favisse.
828 703 885 766 Sed
899 725 948 780 eo,
961 703 1042 766 unde
1054 702 1203 786 digressus

135 857 217 913 sum,
239 834 335 899 redeo.
372 835 452 917 Erga
472 839 610 895 senatum
634 830 778 914 Trajanus
802 827 1043 891 modestissimus
1067 828 1150 904 estl)
1175 834 1205 890 et

135 958 254 1023 nobiles
283 958 417 1022 illustrat
430 960 464 1043 2).
501 955 615 1020 Eadem
638 954 765 1018 comitas
788 953 855 1037 ejus
878 958 923 1015 est
945 974 1015 1036 erga
1035 952 1146 1015 milites
1159 953 1202 1031 3),

135 1104 205 1167 erga
217 1071 317 1146 'duces
338 1104 441 1167 parem
464 1105 496 1145 se
513 1085 596 1168 gerit
607 1087 642 1169 4).

180 1206 263 1286 Quid
294 1207 391 1271 multa
412 1207 449 1270 de
478 1207 598 1293 'Prajaui
622 1207 708 1272 bellis
731 1207 843 1290 dinam,
866 1229 943 1291 quae
966 1204 1106 1269 omuibus
1129 1212 1202 1268 noto

136 1332 228 1395 sunt?
252 1331 435 1396 Prudentius
457 1341 536 1398 certo
559 1334 622 1418 egit
642 1332 798 1410 liberius,
824 1331 877 1417 qui
900 1329 1032 1414 Augusti
1044 1328 1204 1392 eonsilium

139 1464 259 1521 seoutus
280 1456 305 1544 ⁵)
327 1457 488 1541 imperium
512 1458 644 1523 ooereuit
667 1465 697 1521 et
719 1457 911 1536 Hadrianus,
930 1454 983 1539 qui
1008 1453 1096 1536 initio
1119 1454 1203 1538 prin-

137 1581 252 1666 cipatus
275 1581 422 1666 praesidia
440 1582 564 1647 deduxit
588 1590 619 1646 et
637 1589 798 1647 contentus
821 1589 886 1645 erat
903 1578 1030 1657 fluibus,
1054 1600 1132 1662 quos
1149 1579 1205 1642 im-

137 1705 253 1792 perium
286 1711 357 1770 aute
389 1707 555 1793 Trajanum
591 1708 754 1772 habuisset.
792 1705 882 1769 Nihil
903 1704 1100 1790 perniciosius
1123 1710 1202 1783 erat,

138 1831 214 1895 nihil
250 1833 345 1915 magis
366 1833 486 1895 ruinam
508 1832 634 1918 imperio
657 1832 762 1897 attulit
785 1854 875 1915 quam
899 1829 953 1893 illa
975 1828 1069 1892 nimia
1089 1829 1206 1912 magni·

137 1956 211 2020 tudo
234 1965 265 2019 et
283 1956 421 2020 Tiberius
445 1964 475 2021 et
498 1957 671 2022 Hadrianus
689 1957 758 2042 plns
779 1956 835 2020 hae
854 1955 886 2020 in
906 1977 939 2019 re
956 1954 1097 2018 viderunt
1113 1976 1204 2037 quam

137 2080 296 2166 Trajunus,
317 2089 448 2145 attamen
468 2083 606 2167 aequales
624 2083 786 2167 'Iuajanum
810 2081 951 2146 laudibus
971 2077 1157 2142 extollebant
1175 2085 1205 2141 et

138 2229 232 2290 quum
243 2207 370 2269 maxime
381 2207 615 2272 admirabantur.
628 2207 776 2292 liajanus
789 2213 938 2290 praeterea
951 2229 1089 2290 magnam
1104 2230 1205 2271 curram

139 2330 268 2396 habebat
310 2331 452 2395 ludorum
466 2332 510 2410 ⁷);
546 2331 674 2395 Romam
715 2330 854 2416 pulchris
897 2329 1038 2395 aedificiis
1085 2330 1208 2396 ornabat

139 2456 227 2536 adeo,
250 2465 286 2521 ut
308 2480 418 2521 nomen
441 2459 506 2522 eius
525 2457 618 2522 herba
640 2457 799 2543 parietaria
821 2456 859 2521 ob
882 2457 989 2521 titulos
1008 2456 1112 2520 multis
1125 2457 1208 2519 aedi-

138 2582 213 2646 ficiis
255 2583 415 2669 inscriptos
457 2606 474 2645 a
515 2583 716 2648 Constantino
762 2582 964 2667 appellaretur
976 2581 1021 2669 ⁸);
1060 2580 1207 2645 delatores

138 2706 317 2792 prohibebat
329 2710 375 2791 ⁹);
400 2709 514 2772 crimen
537 2708 700 2793 majestatis
727 2707 904 2790 antiquavit.
931 2706 1004 2769 Non
1028 2713 1075 2770 est
1098 2706 1206 2770 miran-

139 2831 222 2908 dum,
250 2832 276 2894 si
299 2831 347 2895 his
370 2831 509 2896 omnibus
531 2840 636 2917 gratus
660 2840 690 2895 et
711 2839 851 2916 aceeptus
875 2838 938 2894 erat
960 2832 1089 2916 populo,
1111 2853 1207 2914 quum
1234 2893 1236 2898 .

138 2955 311 3040 praesertim
334 2958 425 3020 stiam
448 2959 541 3021 forma
562 2957 689 3042 pulchra
708 2965 786 3020 esset
809 2963 840 3019 et
863 2963 958 3019 artem
981 2956 1081 3019 studia
1103 2955 1207 3040 populi

139 3079 196 3143 sibi
219 3080 408 3145 devirreiendi
431 3083 560 3146 maxime
582 3088 705 3145 teneret.
730 3081 777 3144 Ex
800 3081 895 3144 animi
919 3081 1068 3144 sententia
1085 3080 1205 3144 Plinius

143 3225 347 3235 ——.—-.

175 3287 195 3350 ¹)
213 3286 273 3335 Plin.
292 3286 385 3347 Paneg.
403 3285 448 3349 65,
468 3285 513 3350 71,
532 3285 577 3348 76,
596 3285 627 3335 77
646 3286 717 3336 Mart.
736 3286 823 3350 Epigr.
845 3286 867 3334 X
886 3284 925 3334 7⁴2.
953 3285 993 3335 CI.
1008 3286 1052 3334 uu
1063 3286 1173 3347 LXVIII,
1185 3285 1208 3333 7.

173 3388 195 3450 2)
213 3388 274 3437 Plio.
293 3388 388 3452 Paneg.
406 3387 445 3438 69.

175 3490 197 3552 ³)
215 3490 275 3539 Pun.
294 3490 391 3555 Paneg.
414 3489 458 3540 18.

175 3591 197 3655 ⁴)
215 3593 280 3642 Plin.
304 3594 396 3657 Paneg.
414 3592 448 3642 10
464 3598 489 3643 et
507 3592 547 3643 19.

175 3693 195 3754 5)
214 3694 271 3744 Tae.
290 3695 354 3744 Anu.
372 3696 383 3744 I
400 3694 444 3745 40.

176 3795 198 3859 ὅ)
215 3797 277 3845 Pliu.
296 3797 389 3860 Paneg.
406 3798 422 3846 4
440 3803 465 3847 et
482 3798 522 3849 Ὦ.

177 3897 197 3961 ⁷)
215 3899 309 3948 Fronto
327 3901 365 3949 ed.
383 3901 499 3951 Niebuhr
517 3917 572 3966 pag.
590 3900 652 3962 249,
671 3900 730 3950 250.
748 3900 793 3949 Dio
812 3901 909 3951 LXVIII
932 3899 977 3950 lu.

175 3999 196 4061 8)
214 4002 274 4051 Aur.
293 4004 358 4053 Viet.
381 4004 443 4067 Epit.
462 4004 495 4053 60
512 4004 548 4054 Cf.
567 4004 612 4053 Dio
629 4004 727 4054 LXVIII
752 4003 775 4054 7.

175 4104 197 4167 ⁹)
214 4104 277 4154 Plin.
297 4106 389 4170 Paneg.
408 4106 452 4157 34.
