<?xml version="1.0" encoding="UTF-8"?>
<!DOCTYPE html PUBLIC "-//W3C//DTD XHTML 1.0 Transitional//EN"
    "http://www.w3.org/TR/xhtml1/DTD/xhtml1-transitional.dtd">
<html xmlns="http://www.w3.org/1999/xhtml" xml:lang="en" lang="en">
 <head>
  <title>
</title>
<meta http-equiv="Content-Type" content="text/html;charset=utf-8" />
  <meta name='ocr-system' content='tesseract 3.04.00' />
  <meta name='ocr-capabilities' content='ocr_page ocr_carea ocr_par ocr_line ocrx_word'/>
</head>
<body>
  <div class='ocr_page' id='page_1' title='image "./defideetauctori00andrgoog_0062.png"; bbox 0 0 2842 4920; ppageno 0'>
   <div class='ocr_carea' id='block_1_1' title="bbox 644 405 705 466">
    <p class='ocr_par' dir='ltr' id='par_1_1' title="bbox 644 405 705 466">
     <span class='ocr_line' id='line_1_1' title="bbox 644 405 705 466; baseline 0 -1"><span class='ocrx_word' id='word_1_1' title='bbox 644 405 705 466; x_wconf 65' lang='lat'>,49</span> 
     </span>
    </p>
   </div>
   <div class='ocr_carea' id='block_1_2' title="bbox 146 615 1223 2200">
    <p class='ocr_par' dir='ltr' id='par_1_2' title="bbox 190 615 798 702">
     <span class='ocr_line' id='line_1_2' title="bbox 190 615 798 702; baseline -0.003 -20"><span class='ocrx_word' id='word_1_2' title='bbox 190 617 254 683; x_wconf 75' lang='lat'>111·</span> <span class='ocrx_word' id='word_1_3' title='bbox 268 620 320 683; x_wconf 82' lang='grc'>11.</span> <span class='ocrx_word' id='word_1_4' title='bbox 345 615 473 681; x_wconf 80' lang='lat' dir='ltr'><strong>Gracchi</strong></span> <span class='ocrx_word' id='word_1_5' title='bbox 496 615 665 682; x_wconf 79' lang='lat' dir='ltr'>turbatores</span> <span class='ocrx_word' id='word_1_6' title='bbox 693 616 798 702; x_wconf 88' lang='lat' dir='ltr'>plebis.</span> 
     </span>
    </p>

    <p class='ocr_par' dir='ltr' id='par_1_3' title="bbox 146 739 1216 954">
     <span class='ocr_line' id='line_1_3' title="bbox 192 739 1216 827; baseline 0 -20"><span class='ocrx_word' id='word_1_7' title='bbox 192 743 245 808; x_wconf 84' lang='lat' dir='ltr'>HI</span> <span class='ocrx_word' id='word_1_8' title='bbox 269 745 320 807; x_wconf 89' lang='grc'>31.</span> <span class='ocrx_word' id='word_1_9' title='bbox 345 741 429 827; x_wconf 91' lang='lat' dir='ltr'>Opus</span> <span class='ocrx_word' id='word_1_10' title='bbox 451 741 571 826; x_wconf 89' lang='lat' dir='ltr'>publice</span> <span class='ocrx_word' id='word_1_11' title='bbox 590 742 659 805; x_wconf 89' lang='lat' dir='ltr'>usui</span> <span class='ocrx_word' id='word_1_12' title='bbox 666 739 805 805; x_wconf 89' lang='lat' dir='ltr'>habitum</span> <span class='ocrx_word' id='word_1_13' title='bbox 810 790 819 821; x_wconf 96' lang='lat'>,</span> <span class='ocrx_word' id='word_1_14' title='bbox 831 741 881 804; x_wconf 87' lang='lat' dir='ltr'>sed</span> <span class='ocrx_word' id='word_1_15' title='bbox 892 741 1052 806; x_wconf 83' lang='lat' dir='ltr'>exitiosum</span> <span class='ocrx_word' id='word_1_16' title='bbox 1064 741 1216 807; x_wconf 85' lang='lat' dir='ltr'>nobilibus</span> 
     </span>
     <span class='ocr_line' id='line_1_4' title="bbox 146 866 712 954; baseline 0.011 -24"><span class='ocrx_word' id='word_1_17' title='bbox 146 867 366 954; x_wconf 67' lang='lat' dir='ltr'><strong>improbatur..</strong></span> <span class='ocrx_word' id='word_1_18' title='bbox 711 866 712 870; x_wconf 30' lang='lat'>¹</span> 
     </span>
    </p>

    <p class='ocr_par' dir='ltr' id='par_1_4' title="bbox 146 989 1216 1187">
     <span class='ocr_line' id='line_1_5' title="bbox 191 989 1216 1078; baseline 0 -21"><span class='ocrx_word' id='word_1_19' title='bbox 191 992 245 1057; x_wconf 93' lang='grc' dir='ltr'>ΙΠ</span> <span class='ocrx_word' id='word_1_20' title='bbox 275 995 328 1058; x_wconf 80' lang='grc'>18.</span> <span class='ocrx_word' id='word_1_21' title='bbox 371 991 516 1072; x_wconf 78' lang='lat' dir='ltr'>Quirinus</span> <span class='ocrx_word' id='word_1_22' title='bbox 558 992 746 1076; x_wconf 75' lang='lat' dir='ltr'>vituperatur</span> <span class='ocrx_word' id='word_1_23' title='bbox 780 989 819 1055; x_wconf 94' lang='lat' dir='ltr'>ob</span> <span class='ocrx_word' id='word_1_24' title='bbox 851 991 996 1076; x_wconf 89' lang='lat' dir='ltr'>judicium</span> <span class='ocrx_word' id='word_1_25' title='bbox 1030 991 1067 1056; x_wconf 88' lang='lat' dir='ltr'>de</span> <span class='ocrx_word' id='word_1_26' title='bbox 1102 992 1216 1078; x_wconf 84' lang='lat' dir='ltr'>Lepida</span> 
     </span>
     <span class='ocr_line' id='line_1_6' title="bbox 146 1115 383 1187; baseline 0 -5"><span class='ocrx_word' id='word_1_27' title='bbox 146 1117 258 1183; x_wconf 82' lang='lat' dir='ltr'>femina</span> <span class='ocrx_word' id='word_1_28' title='bbox 278 1115 383 1187; x_wconf 90' lang='lat' dir='ltr'>nobili.</span> 
     </span>
    </p>

    <p class='ocr_par' dir='ltr' id='par_1_5' title="bbox 146 1223 1218 1450">
     <span class='ocr_line' id='line_1_7' title="bbox 190 1223 1218 1323; baseline 0.002 -16"><span class='ocrx_word' id='word_1_29' title='bbox 190 1243 245 1308; x_wconf 83' lang='lat' dir='ltr'>III</span> <span class='ocrx_word' id='word_1_30' title='bbox 268 1245 321 1308; x_wconf 99' lang='grc'>11.</span> <span class='ocrx_word' id='word_1_31' title='bbox 345 1241 465 1307; x_wconf 76' lang='lat' dir='ltr'>Silanus</span> <span class='ocrx_word' id='word_1_32' title='bbox 486 1242 552 1305; x_wconf 85' lang='lat' dir='ltr'>sine</span> <span class='ocrx_word' id='word_1_33' title='bbox 571 1239 662 1305; x_wconf 91' lang='lat' dir='ltr'>dubio</span> <span class='ocrx_word' id='word_1_34' title='bbox 684 1238 791 1305; x_wconf 86' lang='lat' dir='ltr'>noxius</span> <span class='ocrx_word' id='word_1_35' title='bbox 808 1245 870 1320; x_wconf 87' lang='lat' dir='ltr'>est,</span> <span class='ocrx_word' id='word_1_36' title='bbox 892 1248 927 1304; x_wconf 90' lang='lat' dir='ltr'>ut</span> <span class='ocrx_word' id='word_1_37' title='bbox 946 1241 1067 1306; x_wconf 82' lang='lat' dir='ltr'>Tacitus</span> <span class='ocrx_word' id='word_1_38' title='bbox 1077 1223 1218 1323; x_wconf 80' lang='lat' dir='ltr'>affirmat,</span> 
     </span>
     <span class='ocr_line' id='line_1_8' title="bbox 146 1363 828 1450; baseline -0.006 -18"><span class='ocrx_word' id='word_1_39' title='bbox 146 1366 196 1432; x_wconf 89' lang='lat' dir='ltr'>sed</span> <span class='ocrx_word' id='word_1_40' title='bbox 220 1374 320 1431; x_wconf 90' lang='lat' dir='ltr'>tamen</span> <span class='ocrx_word' id='word_1_41' title='bbox 339 1365 520 1450; x_wconf 83' lang='lat' dir='ltr'>deploratur,</span> <span class='ocrx_word' id='word_1_42' title='bbox 544 1365 615 1450; x_wconf 88' lang='lat' dir='ltr'>quia</span> <span class='ocrx_word' id='word_1_43' title='bbox 637 1363 750 1428; x_wconf 91' lang='lat' dir='ltr'>nobilis</span> <span class='ocrx_word' id='word_1_44' title='bbox 775 1371 828 1428; x_wconf 88' lang='lat' dir='ltr'>est.</span> 
     </span>
    </p>

    <p class='ocr_par' dir='ltr' id='par_1_6' title="bbox 190 1489 806 1576">
     <span class='ocr_line' id='line_1_9' title="bbox 190 1489 806 1576; baseline -0.01 -17"><span class='ocrx_word' id='word_1_45' title='bbox 190 1491 238 1560; x_wconf 85' lang='lat' dir='ltr'>IV</span> <span class='ocrx_word' id='word_1_46' title='bbox 263 1494 292 1556; x_wconf 92' lang='grc'>3.</span> <span class='ocrx_word' id='word_1_47' title='bbox 317 1491 441 1576; x_wconf 84' lang='lat' dir='ltr'>Sejanus</span> <span class='ocrx_word' id='word_1_48' title='bbox 465 1489 654 1575; x_wconf 88' lang='lat' dir='ltr'>municipalis</span> <span class='ocrx_word' id='word_1_49' title='bbox 678 1489 806 1554; x_wconf 86' lang='lat' dir='ltr'>adulter.</span> 
     </span>
    </p>

    <p class='ocr_par' dir='ltr' id='par_1_7' title="bbox 148 1613 1223 2085">
     <span class='ocr_line' id='line_1_10' title="bbox 191 1613 1218 1697; baseline 0.002 -18"><span class='ocrx_word' id='word_1_50' title='bbox 191 1616 237 1679; x_wconf 84' lang='lat' dir='ltr'>IV</span> <span class='ocrx_word' id='word_1_51' title='bbox 262 1619 313 1680; x_wconf 89' lang='grc'>13.</span> <span class='ocrx_word' id='word_1_52' title='bbox 350 1615 388 1679; x_wconf 89' lang='grc'>11</span> <span class='ocrx_word' id='word_1_53' title='bbox 423 1637 525 1694; x_wconf 86' lang='lat' dir='ltr'>causa,</span> <span class='ocrx_word' id='word_1_54' title='bbox 561 1613 690 1679; x_wconf 80' lang='lat' dir='ltr'>Gracchi</span> <span class='ocrx_word' id='word_1_55' title='bbox 712 1613 771 1678; x_wconf 86' lang='lat' dir='ltr'>viri</span> <span class='ocrx_word' id='word_1_56' title='bbox 792 1613 903 1678; x_wconf 86' lang='lat' dir='ltr'>nobilis</span> <span class='ocrx_word' id='word_1_57' title='bbox 925 1614 1046 1680; x_wconf 74' lang='lat' dir='ltr'>Tacitus</span> <span class='ocrx_word' id='word_1_58' title='bbox 1069 1617 1218 1697; x_wconf 87' lang='lat' dir='ltr'>ostendit,</span> 
     </span>
     <span class='ocr_line' id='line_1_11' title="bbox 148 1740 634 1827; baseline -0.008 -21"><span class='ocrx_word' id='word_1_59' title='bbox 148 1748 331 1827; x_wconf 87' lang='lat' dir='ltr'>quantopere</span> <span class='ocrx_word' id='word_1_60' title='bbox 353 1740 503 1805; x_wconf 87' lang='lat' dir='ltr'>nobilitati</span> <span class='ocrx_word' id='word_1_61' title='bbox 527 1741 634 1804; x_wconf 81' lang='lat' dir='ltr'>faveat.</span> 
     </span>
     <span class='ocr_line' id='line_1_12' title="bbox 164 1863 1223 1949; baseline -0.002 -18"><span class='ocrx_word' id='word_1_62' title='bbox 164 1872 169 1882; x_wconf 82' lang='lat'><strong><em>‘</em></strong></span> <span class='ocrx_word' id='word_1_63' title='bbox 192 1865 239 1931; x_wconf 77' lang='lat' dir='ltr'>IV</span> <span class='ocrx_word' id='word_1_64' title='bbox 264 1868 316 1932; x_wconf 87' lang='grc'>15.</span> <span class='ocrx_word' id='word_1_65' title='bbox 339 1865 444 1930; x_wconf 87' lang='lat' dir='ltr'>Patres</span> <span class='ocrx_word' id='word_1_66' title='bbox 467 1863 587 1928; x_wconf 83' lang='lat' dir='ltr'>Lucilio</span> <span class='ocrx_word' id='word_1_67' title='bbox 600 1863 723 1948; x_wconf 82' lang='lat' dir='ltr'>Longo,</span> <span class='ocrx_word' id='word_1_68' title='bbox 745 1868 918 1949; x_wconf 77' lang='lat' dir='ltr'>quamquam</span> <span class='ocrx_word' id='word_1_69' title='bbox 931 1865 1223 1945; x_wconf 52' lang='lat' dir='ltr'>oevodomioimen?</span> 
     </span>
     <span class='ocr_line' id='line_1_13' title="bbox 148 1989 562 2085; baseline -0.007 -31"><span class='ocrx_word' id='word_1_70' title='bbox 148 1990 261 2085; x_wconf 77' lang='lat' dir='ltr'>soriam</span> <span class='ocrx_word' id='word_1_71' title='bbox 283 1993 375 2055; x_wconf 88' lang='lat' dir='ltr'>funus</span> <span class='ocrx_word' id='word_1_72' title='bbox 398 1989 562 2054; x_wconf 87' lang='lat' dir='ltr'>decrevere.</span> 
     </span>
    </p>

    <p class='ocr_par' dir='ltr' id='par_1_8' title="bbox 194 2113 1216 2200">
     <span class='ocr_line' id='line_1_14' title="bbox 194 2113 1216 2200; baseline 0.001 -22"><span class='ocrx_word' id='word_1_73' title='bbox 194 2114 241 2178; x_wconf 82' lang='lat' dir='ltr'>IV</span> <span class='ocrx_word' id='word_1_74' title='bbox 265 2117 317 2180; x_wconf 87' lang='lat'>31.</span> <span class='ocrx_word' id='word_1_75' title='bbox 345 2113 423 2190; x_wconf 72' lang='lat' dir='ltr'>,His</span> <span class='ocrx_word' id='word_1_76' title='bbox 445 2120 508 2178; x_wconf 88' lang='lat' dir='ltr'>tom</span> <span class='ocrx_word' id='word_1_77' title='bbox 531 2113 672 2178; x_wconf 80' lang='lat' dir='ltr'>maestis&#39;&#39;</span> <span class='ocrx_word' id='word_1_78' title='bbox 686 2113 723 2177; x_wconf 89' lang='lat' dir='ltr'>de</span> <span class='ocrx_word' id='word_1_79' title='bbox 744 2113 866 2199; x_wconf 87' lang='lat' dir='ltr'>judiciis</span> <span class='ocrx_word' id='word_1_80' title='bbox 886 2114 976 2200; x_wconf 85' lang='lat' dir='ltr'>justis</span> <span class='ocrx_word' id='word_1_81' title='bbox 999 2137 1069 2199; x_wconf 85' lang='lat' dir='ltr'>erga</span> <span class='ocrx_word' id='word_1_82' title='bbox 1091 2114 1216 2198; x_wconf 44' lang='lat' dir='ltr'>nobiles,</span> 
     </span>
    </p>
   </div>
   <div class='ocr_carea' id='block_1_3' title="bbox 193 2236 1218 2325">
    <p class='ocr_par' dir='ltr' id='par_1_9' title="bbox 193 2236 1218 2325">
     <span class='ocr_line' id='line_1_15' title="bbox 193 2236 1218 2325; baseline 0.001 -22"><span class='ocrx_word' id='word_1_83' title='bbox 193 2239 241 2304; x_wconf 81' lang='lat' dir='ltr'>IV</span> <span class='ocrx_word' id='word_1_84' title='bbox 254 2243 306 2307; x_wconf 91' lang='grc'>33.</span> <span class='ocrx_word' id='word_1_85' title='bbox 329 2239 511 2315; x_wconf 78' lang='lat' dir='ltr'>Multorum,</span> <span class='ocrx_word' id='word_1_86' title='bbox 524 2238 577 2323; x_wconf 93' lang='lat' dir='ltr'>qui</span> <span class='ocrx_word' id='word_1_87' title='bbox 589 2236 645 2302; x_wconf 88' lang='lat' dir='ltr'>sub</span> <span class='ocrx_word' id='word_1_88' title='bbox 657 2237 776 2303; x_wconf 81' lang='lat' dir='ltr'>Tibe-rio</span> <span class='ocrx_word' id='word_1_89' title='bbox 792 2260 920 2324; x_wconf 85' lang='lat' dir='ltr'>poenam</span> <span class='ocrx_word' id='word_1_90' title='bbox 933 2239 1062 2323; x_wconf 83' lang='lat' dir='ltr'>subiere,</span> <span class='ocrx_word' id='word_1_91' title='bbox 1085 2247 1218 2325; x_wconf 86' lang='lat' dir='ltr'>posteros</span> 
     </span>
    </p>
   </div>
   <div class='ocr_carea' id='block_1_4' title="bbox 149 2363 1253 3945">
    <p class='ocr_par' dir='ltr' id='par_1_10' title="bbox 150 2363 1253 2698">
     <span class='ocr_line' id='line_1_16' title="bbox 150 2363 436 2449; baseline -0.003 -21"><span class='ocrx_word' id='word_1_92' title='bbox 150 2386 268 2430; x_wconf 83' lang='lat' dir='ltr'>manere</span> <span class='ocrx_word' id='word_1_93' title='bbox 290 2363 436 2449; x_wconf 88' lang='lat' dir='ltr'>queritur.</span> 
     </span>
     <span class='ocr_line' id='line_1_17' title="bbox 192 2487 1253 2580; baseline 0.003 -30"><span class='ocrx_word' id='word_1_94' title='bbox 192 2487 241 2553; x_wconf 79' lang='lat' dir='ltr'>VI</span> <span class='ocrx_word' id='word_1_95' title='bbox 254 2491 305 2554; x_wconf 84' lang='grc'>33.</span> <span class='ocrx_word' id='word_1_96' title='bbox 318 2487 392 2552; x_wconf 87' lang='lat' dir='ltr'>Pars</span> <span class='ocrx_word' id='word_1_97' title='bbox 403 2487 546 2552; x_wconf 86' lang='lat' dir='ltr'>moeroris</span> <span class='ocrx_word' id='word_1_98' title='bbox 553 2487 623 2568; x_wconf 78' lang='lat' dir='ltr'>ruis,</span> <span class='ocrx_word' id='word_1_99' title='bbox 631 2487 713 2572; x_wconf 93' lang='lat' dir='ltr'>qnod</span> <span class='ocrx_word' id='word_1_100' title='bbox 720 2487 805 2553; x_wconf 79' lang='lat' dir='ltr'>dulia</span> <span class='ocrx_word' id='word_1_101' title='bbox 814 2488 847 2552; x_wconf 94' lang='lat' dir='ltr'>in</span> <span class='ocrx_word' id='word_1_102' title='bbox 855 2488 979 2552; x_wconf 91' lang='lat' dir='ltr'>domum</span> <span class='ocrx_word' id='word_1_103' title='bbox 987 2488 1096 2574; x_wconf 82' lang='lat' dir='ltr'>equitis</span> <span class='ocrx_word' id='word_1_104' title='bbox 1104 2489 1216 2575; x_wconf 82' lang='lat' dir='ltr'>nupsit</span> <span class='ocrx_word' id='word_1_105' title='bbox 1250 2573 1253 2580; x_wconf 69' lang='lat'>,</span> 
     </span>
     <span class='ocr_line' id='line_1_18' title="bbox 192 2610 1219 2698; baseline 0.002 -24"><span class='ocrx_word' id='word_1_106' title='bbox 192 2610 309 2676; x_wconf 86' lang='lat' dir='ltr'>Verba:</span> <span class='ocrx_word' id='word_1_107' title='bbox 347 2611 515 2698; x_wconf 68' lang='lat' dir='ltr'>,anapia</span> <span class='ocrx_word' id='word_1_108' title='bbox 548 2611 700 2693; x_wconf 87' lang='lat' dir='ltr'>moribus,</span> <span class='ocrx_word' id='word_1_109' title='bbox 734 2612 848 2677; x_wconf 83' lang='lat' dir='ltr'>illustri</span> <span class='ocrx_word' id='word_1_110' title='bbox 879 2620 981 2677; x_wconf 86' lang='lat' dir='ltr'>tamen</span> <span class='ocrx_word' id='word_1_111' title='bbox 1015 2611 1157 2677; x_wconf 86' lang='lat' dir='ltr'>fortuna”</span> <span class='ocrx_word' id='word_1_112' title='bbox 1182 2613 1219 2678; x_wconf 86' lang='lat' dir='ltr'>da</span> 
     </span>
    </p>

    <p class='ocr_par' dir='ltr' id='par_1_11' title="bbox 149 2735 461 2802">
     <span class='ocr_line' id='line_1_19' title="bbox 149 2735 461 2802; baseline 0 -1"><span class='ocrx_word' id='word_1_113' title='bbox 149 2737 286 2802; x_wconf 81' lang='lat' dir='ltr'>Aemiliis</span> <span class='ocrx_word' id='word_1_114' title='bbox 309 2735 461 2801; x_wconf 89' lang='lat' dir='ltr'>dicuntur.</span> 
     </span>
    </p>

    <p class='ocr_par' dir='ltr' id='par_1_12' title="bbox 150 2861 1222 3067">
     <span class='ocr_line' id='line_1_20' title="bbox 167 2861 1222 2948; baseline 0.001 -23"><span class='ocrx_word' id='word_1_115' title='bbox 167 2861 241 2926; x_wconf 83' lang='lat' dir='ltr'>-VI</span> <span class='ocrx_word' id='word_1_116' title='bbox 276 2865 327 2927; x_wconf 81' lang='lat'>35.</span> <span class='ocrx_word' id='word_1_117' title='bbox 363 2861 534 2926; x_wconf 85' lang='lat' dir='ltr'>Mamercus</span> <span class='ocrx_word' id='word_1_118' title='bbox 568 2861 698 2926; x_wconf 83' lang='lat' dir='ltr'>Scaurus</span> <span class='ocrx_word' id='word_1_119' title='bbox 726 2861 789 2927; x_wconf 85' lang='lat' dir='ltr'>vita</span> <span class='ocrx_word' id='word_1_120' title='bbox 818 2861 996 2948; x_wconf 75' lang='lat' dir='ltr'>probrosnS,</span> <span class='ocrx_word' id='word_1_121' title='bbox 1026 2869 1062 2926; x_wconf 92' lang='lat' dir='ltr'>ut</span> <span class='ocrx_word' id='word_1_122' title='bbox 1092 2861 1222 2946; x_wconf 87' lang='lat' dir='ltr'>dignum</span> 
     </span>
     <span class='ocr_line' id='line_1_21' title="bbox 150 2984 905 3067; baseline -0.003 -15"><span class='ocrx_word' id='word_1_123' title='bbox 150 2985 299 3052; x_wconf 86' lang='lat' dir='ltr'>veteribus</span> <span class='ocrx_word' id='word_1_124' title='bbox 321 2984 478 3067; x_wconf 88' lang='lat' dir='ltr'>Aemiliis,</span> <span class='ocrx_word' id='word_1_125' title='bbox 501 2985 725 3051; x_wconf 78' lang='lat' dir='ltr'>damnationem</span> <span class='ocrx_word' id='word_1_126' title='bbox 747 2986 863 3051; x_wconf 88' lang='lat' dir='ltr'>anteiit.</span> <span class='ocrx_word' id='word_1_127' title='bbox 903 3032 905 3037; x_wconf 87' lang='lat'><em>-</em></span> 
     </span>
    </p>

    <p class='ocr_par' dir='ltr' id='par_1_13' title="bbox 149 3109 1220 3695">
     <span class='ocr_line' id='line_1_22' title="bbox 168 3109 1220 3197; baseline 0.001 -22"><span class='ocrx_word' id='word_1_128' title='bbox 168 3111 263 3176; x_wconf 84' lang='lat' dir='ltr'>-Jam</span> <span class='ocrx_word' id='word_1_129' title='bbox 305 3109 421 3175; x_wconf 88' lang='lat' dir='ltr'>ostendi</span> <span class='ocrx_word' id='word_1_130' title='bbox 459 3110 614 3175; x_wconf 71' lang='lat' dir='ltr'>liberium</span> <span class='ocrx_word' id='word_1_131' title='bbox 646 3109 800 3176; x_wconf 86' lang='lat' dir='ltr'>nobilibus</span> <span class='ocrx_word' id='word_1_132' title='bbox 829 3110 961 3176; x_wconf 82' lang='lat' dir='ltr'>inrisum</span> <span class='ocrx_word' id='word_1_133' title='bbox 984 3110 1075 3175; x_wconf 83' lang='lat' dir='ltr'>fnisse</span> <span class='ocrx_word' id='word_1_134' title='bbox 1097 3117 1220 3197; x_wconf 86' lang='lat' dir='ltr'>propter</span> 
     </span>
     <span class='ocr_line' id='line_1_23' title="bbox 150 3233 1220 3321; baseline 0 -22"><span class='ocrx_word' id='word_1_135' title='bbox 150 3235 339 3302; x_wconf 75' lang='lat' dir='ltr'>serentatem</span> <span class='ocrx_word' id='word_1_136' title='bbox 360 3233 394 3301; x_wconf 89' lang='lat' dir='ltr'>in</span> <span class='ocrx_word' id='word_1_137' title='bbox 412 3233 536 3317; x_wconf 83' lang='lat' dir='ltr'>judiciis</span> <span class='ocrx_word' id='word_1_138' title='bbox 559 3240 590 3299; x_wconf 91' lang='grc'>11</span> <span class='ocrx_word' id='word_1_139' title='bbox 610 3234 773 3300; x_wconf 85' lang='lat' dir='ltr'>amicitiam</span> <span class='ocrx_word' id='word_1_140' title='bbox 788 3235 896 3321; x_wconf 83' lang='lat' dir='ltr'>Sejani.</span> <span class='ocrx_word' id='word_1_141' title='bbox 920 3234 1003 3300; x_wconf 91' lang='lat' dir='ltr'>Hinc</span> <span class='ocrx_word' id='word_1_142' title='bbox 1014 3236 1105 3300; x_wconf 87' lang='lat' dir='ltr'>etiam</span> <span class='ocrx_word' id='word_1_143' title='bbox 1115 3235 1220 3300; x_wconf 80' lang='lat' dir='ltr'>Tacito</span> 
     </span>
     <span class='ocr_line' id='line_1_24' title="bbox 149 3358 1219 3446; baseline -0.003 -19"><span class='ocrx_word' id='word_1_144' title='bbox 149 3359 286 3427; x_wconf 75' lang='lat' dir='ltr'>ttberius</span> <span class='ocrx_word' id='word_1_145' title='bbox 308 3358 424 3424; x_wconf 85' lang='lat' dir='ltr'>invisus</span> <span class='ocrx_word' id='word_1_146' title='bbox 447 3366 518 3424; x_wconf 89' lang='lat' dir='ltr'>erat.</span> <span class='ocrx_word' id='word_1_147' title='bbox 544 3358 716 3424; x_wconf 89' lang='lat' dir='ltr'>Occurrunt</span> <span class='ocrx_word' id='word_1_148' title='bbox 739 3360 836 3425; x_wconf 89' lang='lat' dir='ltr'>multa</span> <span class='ocrx_word' id='word_1_149' title='bbox 856 3360 969 3446; x_wconf 87' lang='lat' dir='ltr'>judicia</span> <span class='ocrx_word' id='word_1_150' title='bbox 980 3359 1128 3425; x_wconf 90' lang='lat' dir='ltr'>nobilium</span> <span class='ocrx_word' id='word_1_151' title='bbox 1139 3360 1219 3446; x_wconf 86' lang='lat' dir='ltr'>apud</span> 
     </span>
     <span class='ocr_line' id='line_1_25' title="bbox 149 3482 1218 3570; baseline -0.002 -22"><span class='ocrx_word' id='word_1_152' title='bbox 149 3484 305 3565; x_wconf 82' lang='lat' dir='ltr'>Tacitum,</span> <span class='ocrx_word' id='word_1_153' title='bbox 327 3484 364 3548; x_wconf 88' lang='lat' dir='ltr'>de</span> <span class='ocrx_word' id='word_1_154' title='bbox 387 3483 497 3570; x_wconf 90' lang='lat' dir='ltr'>quibus</span> <span class='ocrx_word' id='word_1_155' title='bbox 518 3483 651 3570; x_wconf 88' lang='lat' dir='ltr'>judicare</span> <span class='ocrx_word' id='word_1_156' title='bbox 673 3506 735 3547; x_wconf 94' lang='lat' dir='ltr'>non</span> <span class='ocrx_word' id='word_1_157' title='bbox 756 3507 932 3570; x_wconf 89' lang='lat' dir='ltr'>possumus,</span> <span class='ocrx_word' id='word_1_158' title='bbox 956 3484 1008 3548; x_wconf 87' lang='lat' dir='ltr'>sed</span> <span class='ocrx_word' id='word_1_159' title='bbox 1025 3482 1218 3550; x_wconf 86' lang='lat' dir='ltr'>inhisrcbus</span> 
     </span>
     <span class='ocr_line' id='line_1_26' title="bbox 149 3607 1217 3695; baseline 0.003 -23"><span class='ocrx_word' id='word_1_160' title='bbox 149 3608 271 3675; x_wconf 79' lang='lat' dir='ltr'>Tacitus</span> <span class='ocrx_word' id='word_1_161' title='bbox 294 3616 451 3695; x_wconf 88' lang='lat' dir='ltr'>suspectus</span> <span class='ocrx_word' id='word_1_162' title='bbox 475 3608 611 3689; x_wconf 85' lang='lat' dir='ltr'>videtur,</span> <span class='ocrx_word' id='word_1_163' title='bbox 635 3611 718 3693; x_wconf 91' lang='lat' dir='ltr'>quod</span> <span class='ocrx_word' id='word_1_164' title='bbox 741 3607 1032 3674; x_wconf 85' lang='lat' dir='ltr'>nobilitatem-nimis</span> <span class='ocrx_word' id='word_1_165' title='bbox 1043 3607 1217 3675; x_wconf 82' lang='lat' dir='ltr'>admiratur.</span> 
     </span>
    </p>

    <p class='ocr_par' dir='ltr' id='par_1_14' title="bbox 195 3731 1218 3819">
     <span class='ocr_line' id='line_1_27' title="bbox 195 3731 1218 3819; baseline -0.003 -20"><span class='ocrx_word' id='word_1_166' title='bbox 195 3734 327 3800; x_wconf 80' lang='lat' dir='ltr'>Parrum</span> <span class='ocrx_word' id='word_1_167' title='bbox 361 3733 513 3819; x_wconf 88' lang='lat' dir='ltr'>quoddam</span> <span class='ocrx_word' id='word_1_168' title='bbox 546 3731 654 3798; x_wconf 83' lang='lat' dir='ltr'>addam</span> <span class='ocrx_word' id='word_1_169' title='bbox 688 3732 724 3798; x_wconf 88' lang='lat' dir='ltr'>de</span> <span class='ocrx_word' id='word_1_170' title='bbox 757 3732 859 3799; x_wconf 89' lang='lat' dir='ltr'>indole</span> <span class='ocrx_word' id='word_1_171' title='bbox 888 3733 994 3816; x_wconf 80' lang='lat' dir='ltr'>Taciti.</span> <span class='ocrx_word' id='word_1_172' title='bbox 1030 3731 1104 3814; x_wconf 84' lang='lat' dir='ltr'>Non</span> <span class='ocrx_word' id='word_1_173' title='bbox 1137 3738 1218 3811; x_wconf 84' lang='lat' dir='ltr'>amat</span> 
     </span>
    </p>

    <p class='ocr_par' dir='ltr' id='par_1_15' title="bbox 152 3857 1217 3945">
     <span class='ocr_line' id='line_1_28' title="bbox 152 3857 1217 3945; baseline -0.003 -21"><span class='ocrx_word' id='word_1_174' title='bbox 152 3859 284 3924; x_wconf 84' lang='lat' dir='ltr'>Stoicam</span> <span class='ocrx_word' id='word_1_175' title='bbox 317 3857 402 3923; x_wconf 91' lang='lat' dir='ltr'>illam</span> <span class='ocrx_word' id='word_1_176' title='bbox 436 3857 641 3925; x_wconf 84' lang='lat' dir='ltr'>constantiam</span> <span class='ocrx_word' id='word_1_177' title='bbox 670 3857 703 3922; x_wconf 92' lang='lat' dir='ltr'>in</span> <span class='ocrx_word' id='word_1_178' title='bbox 727 3858 843 3939; x_wconf 88' lang='lat' dir='ltr'>dolore,</span> <span class='ocrx_word' id='word_1_179' title='bbox 877 3866 912 3922; x_wconf 90' lang='lat' dir='ltr'>ut</span> <span class='ocrx_word' id='word_1_180' title='bbox 942 3857 1005 3945; x_wconf 87' lang='lat' dir='ltr'>ipse</span> <span class='ocrx_word' id='word_1_181' title='bbox 1030 3864 1159 3923; x_wconf 82' lang='lat' dir='ltr'>testatur</span> <span class='ocrx_word' id='word_1_182' title='bbox 1182 3858 1217 3942; x_wconf 86' lang='grc'>1).</span> 
     </span>
    </p>
   </div>
   <div class='ocr_carea' id='block_1_5' title="bbox 187 4115 1082 4279">
    <p class='ocr_par' dir='ltr' id='par_1_16' title="bbox 187 4115 1082 4279">
     <span class='ocr_line' id='line_1_29' title="bbox 187 4115 418 4180; baseline 0 -15"><span class='ocrx_word' id='word_1_183' title='bbox 187 4117 207 4180; x_wconf 90' lang='lat'>¹)</span> <span class='ocrx_word' id='word_1_184' title='bbox 223 4117 282 4167; x_wconf 85' lang='lat' dir='ltr'>Tac.</span> <span class='ocrx_word' id='word_1_185' title='bbox 303 4117 361 4177; x_wconf 72' lang='lat' dir='ltr'>Aps.</span> <span class='ocrx_word' id='word_1_186' title='bbox 376 4115 418 4165; x_wconf 70' lang='lat'>29.</span> 
     </span>
     <span class='ocr_line' id='line_1_30' title="bbox 1061 4220 1082 4279; baseline 0 0"><span class='ocrx_word' id='word_1_187' title='bbox 1061 4220 1082 4279; x_wconf 77' lang='lat'><strong>4</strong></span> 
     </span>
    </p>
   </div>
   <div class='ocr_carea' id='block_1_6' title="bbox 0 0 1432 4920">
    <p class='ocr_par' dir='ltr' id='par_1_17' title="bbox 0 0 1432 4920">
     <span class='ocr_line' id='line_1_31' title="bbox 0 0 1432 4920; baseline 0 0"><span class='ocrx_word' id='word_1_188' title='bbox 0 0 1432 4920; x_wconf 95' lang='lat' dir='ltr'> </span> 
     </span>
    </p>
   </div>
  </div>
 </body>
</html>
