2842 4920
692 387 732 448 92

176 605 312 684 spectum
334 598 447 662 Tiberii
470 599 571 663 venire
595 622 654 661 non
674 598 825 683 potuisse,
850 597 920 682 quia
942 621 980 662 ne
1000 598 1246 663 dolorecommo·

178 731 304 803 veretur,
328 723 464 788 Tiberius
487 724 648 802 vetuisset,
672 746 710 786 ne
732 723 786 786 filii
809 723 897 786 amici
920 723 952 787 in
973 730 1166 807 conspectum
1178 725 1243 810 ojus

178 849 322 916 venirent.
347 848 549 930 Documenta,
582 843 658 933 quae
682 846 844 911 Suetonius
867 848 936 926 dat,
960 848 1074 912 nullius
1096 848 1187 934 pretii
1210 873 1246 914 ac

177 974 320 1038 momenti
343 981 422 1038 sunt.
460 966 534 1038 Post
556 973 649 1037 Drusi
674 982 802 1037 mortem
825 973 927 1037 statim
950 973 988 1041 ad
1011 973 1131 1058 negotiu
1149 973 1243 1059 redit,

176 1097 228 1161 sed
239 1121 273 1161 ea
286 1097 401 1161 indoles
413 1096 531 1162 Tiberio
543 1097 603 1163 fuit
616 1100 659 1182 ¹),
671 1105 707 1163 ut
718 1099 839 1183 negotia
851 1120 905 1184 pro
917 1097 1036 1162 solaciis
1049 1097 1197 1184 acciperet
1206 1100 1242 1185 2).

176 1223 316 1286 Alterum
351 1229 420 1301 est,
457 1222 538 1307 quod
571 1223 677 1307 legatis
711 1222 805 1286 serius
839 1221 1063 1288 consolantibus
1095 1222 1189 1303 dixit,
1213 1246 1245 1287 se

175 1370 295 1432 quoque
318 1348 414 1413 vicem
435 1371 539 1411 eorum
558 1347 672 1428 dolere,
697 1348 777 1431 quod
797 1347 951 1433 egregium
970 1347 1065 1412 civem
1079 1347 1242 1413 Hectorem

174 1472 352 1539 amisissent.
398 1474 493 1538 Addit
516 1473 697 1538 Suetonius:
736 1473 841 1558 nquasi
864 1471 1021 1537 obliterata
1042 1473 1106 1559 jum
1129 1473 1239 1536 doloris

176 1596 349 1661 memoria’ss
380 1597 438 1661 Sed
462 1621 518 1683 ego
539 1598 629 1682 louge
652 1621 736 1661 secus
756 1597 858 1682 judico
881 1619 1011 1682 cumque
1031 1620 1117 1682 aegre
1138 1596 1244 1662 tulisse

177 1722 331 1802 existimo,
355 1723 436 1807 quod
458 1723 491 1786 in
514 1728 598 1787 tauto
621 1722 722 1786 dolore
745 1729 808 1786 tam
832 1744 897 1786 sero
920 1721 1066 1787 venirent.

222 1847 350 1933 Singula
372 1848 463 1913 verba
486 1847 522 1911 de
534 1846 712 1912 Germanico
723 1848 836 1933 injusta
847 1855 927 1915 sunt.
951 1847 1105 1911 Tiberium
1117 1847 1242 1912 Genua·

176 1973 244 2038 nico
252 1966 462 2038 obtrectavisse
471 1972 632 2035 ridiculum
642 1980 697 2051 est,
706 1995 888 2057 quamquam
897 1972 1105 2037 Tacitusidem
1113 1971 1243 2059 tradite)

178 2098 352 2173 '‘Praeclarc
372 2101 448 2163 facta
471 2097 535 2184 ejus
556 2120 610 2183 pro
634 2097 824 2182 supervacuis
838 2096 997 2176 clevavit',
1014 2095 1066 2159 sed
1078 2103 1244 2161 erantsane

176 2246 411 2308 supervacanea,
435 2231 470 2288 ut
492 2247 573 2288 nunc
595 2224 674 2287 inter
697 2246 800 2286 omnes
825 2229 958 2299 constat,
982 2221 1063 2305 quod
1085 2221 1118 2284 in
1139 2220 1244 2306 primis

176 2347 295 2413 Tiberio
308 2349 460 2432 ingratum
470 2357 542 2413 erat.
558 2349 815 2424 ,sGloriosissimas
823 2347 962 2413 victorias
970 2370 1024 2412 ceu
1037 2347 1192 2411 damnosas
1201 2346 1243 2409 rei

179 2495 208 2556 p.
234 2472 414 2557 increpuit''.
440 2472 498 2535 Sed
520 2495 552 2535 re
575 2495 644 2536 veru
656 2479 741 2536 errent
753 2472 912 2536 damnosae
923 2473 967 2536 rei
977 2496 1007 2558 p.
1020 2479 1051 2537 ct
1061 2472 1119 2538 alia
1129 2472 1245 2536 ratione

176 2595 312 2661 Tiberius
321 2595 496 2673 ducebatur,
505 2602 542 2660 ut
550 2597 916 2683 Vellcjusdcmonstrnt4).
933 2597 1244 2683 ssGermauicusprop-

132 2760 134 2766 ·
181 2701 228 2783 ter
249 2718 426 2783 immensam
450 2723 559 2784 famem
582 2721 802 2785 Alexandream
822 2722 928 2787 adiit&
952 2721 1087 2800 Tacitus,
1100 2721 1245 2786 admirato

175 2845 229 2909 ille
256 2845 427 2911 Germanici
440 2845 533 2910 dicit:
557 2845 1028 2931 ''cognoscendacantiquitatis”,
1052 2845 1244 2931 quodinim·

174 2977 308 3054 peratore
321 2970 444 3035 minime
455 2972 635 3057 probamus,
650 2978 681 3036 et
692 2972 791 3036 addit:
808 2972 938 3036 clevavit
949 2971 1044 3057 pretia
1055 2970 1242 3056 frugum⁵).''

220 3093 377 3158 Praeterea
396 3096 453 3159 hoc
474 3096 569 3181 capite
585 3096 708 3181 legitur,
721 3095 875 3160 Tiberium
894 3119 947 3182 per
963 3095 1103 3159 Pisonem
1124 3116 1243 3158 causam

174 3219 267 3284 fuisse
286 3220 390 3284 mortis
410 3220 592 3287 Germanici.
614 3221 777 3306 Complura
796 3228 973 3306 argumenta
984 3221 1061 3284 hanc
1080 3243 1144 3284 rem
1163 3223 1241 3284 refu-

175 3351 251 3425 tant,
268 3342 382 3408 indoles
395 3344 524 3423 Pisonis,
542 3345 595 3430 qui
607 3344 744 3428 obsequii
755 3345 876 3428 ignarus
888 3344 947 3408 fuit
956 3346 991 3428 6),
1004 3367 1094 3428 quem
1102 3368 1168 3409 non
1180 3345 1243 3410 veri

212 3581 231 3644 ¹)
248 3581 294 3630 Dio
312 3581 378 3630 LVII
396 3581 428 3631 il
445 3581 509 3634 LVII
523 3580 567 3633 m.
590 3581 773 3632 Sen.Cons.ad
784 3581 929 3646 Poixvu,
947 3583 1061 3633 Consad
1072 3583 1147 3632 Marc.
1157 3582 1200 3634 XV
1210 3580 1238 3631 2.

208 3685 227 3745 Β)
246 3685 304 3735 Tac
324 3684 497 3736 nnn.1v13.
1291 3683 1294 3689 “

208 3787 230 3850 ³)
247 3788 304 3838 Tac.
325 3789 391 3840 Anu.
408 3791 419 3839 I
437 3789 477 3839 5‘2.

208 3889 229 3952 ⁴)
248 3889 310 3939 Vell.
329 3892 351 3940 Η
369 3890 413 3940 97.

208 3991 229 4055 ⁵)
247 3991 306 4042 Tac.
324 3992 388 4042 Anu.
408 3994 434 4043 II
453 3993 495 4044 97.

210 4099 232 4163 ¹⁵)
249 4097 308 4146 Tac.
326 4096 492 4147 Ann.1143.
511 4097 548 4148 Cf.
567 4097 625 4148 Sco.
643 4098 674 4147 dc
693 4099 740 4148 ira.
756 4097 797 4150 18.
