2842 4920
661 362 722 452 rar

155 603 313 681 Narratio,
349 603 386 667 de
415 627 475 688 qua
497 603 546 689 egi
567 603 605 666 ad
628 603 760 666 Dionem
781 602 874 667 LVII
895 605 951 679 31,
972 603 1127 666 invenitur
1149 601 1229 686 apud

155 727 291 793 Plinium
314 751 433 813 quoque
446 730 485 812 ¹),
509 728 563 812 qui
585 726 689 791 addit:
716 730 814 802 ,ssama
837 727 928 812 hujus
939 729 984 791 rei
995 726 1126 792 crebrior
1137 749 1228 811 quam

156 850 298 919 certior”.
322 851 480 917 Praeterea
503 851 540 916 de
563 850 657 915 oculis
668 849 782 915 Tiberii
799 851 918 915 Plinius
940 851 1017 916 idem
1042 858 1135 938 atque
1157 852 1228 916 Sue·

155 977 258 1042 tonius
280 983 381 1042 narrat
393 975 419 1064 1)
426 1001 435 1052 ;
451 981 666 1040 commemorat
682 998 752 1039 eum
774 975 808 1039 in
831 975 938 1062 capillo
960 977 1113 1041 tondendo
1136 979 1229 1042 inter·

144 1101 241 1166 ¹lunia
262 1124 379 1166 servare
400 1101 495 1165 solere
507 1103 543 1185 ³),
564 1123 632 1164 cum
656 1100 799 1164 Suetonio
820 1096 976 1186 congruit,
994 1081 1048 1166 ubi
1059 1105 1150 1166 refert
1160 1125 1229 1167 eum

154 1227 256 1291 laurea
289 1226 371 1291 coelo
405 1232 530 1290 tonante
565 1248 596 1289 se
618 1247 774 1290 coronasse
785 1227 822 1309 4);
858 1225 950 1291 tradit
982 1249 1053 1290 eum
1075 1227 1230 1312 exegisse,

155 1359 190 1416 ut
211 1374 244 1415 se
265 1356 469 1415 stemuentem
492 1350 656 1414 salutarent
670 1348 706 1436 ⁵),
729 1372 806 1435 quae
817 1350 991 1435 superstitio
1002 1351 1091 1435 plane
1103 1351 1184 1416 cadit
1195 1352 1229 1416 in

70 1511 72 1515 ·
154 1475 308 1540 hominem
317 1523 326 1554 ,
348 1474 417 1558 qui,
441 1482 478 1538 ut
495 1474 617 1538 Tacitus
628 1480 658 1538 et
670 1474 832 1539 Suetonius
845 1474 1005 1538 memoriae
1014 1475 1227 1560 prodiderunt,

154 1599 311 1687 Thrasyllo
331 1598 543 1663 mathematico
561 1621 710 1663 summam
727 1599 817 1663 fidem
831 1598 950 1665 tribuit.
974 1599 1100 1664 Dictum
1111 1599 1225 1665 Tiberii

154 1725 188 1789 in
210 1723 359 1809 Apionem
381 1747 399 1787 a
422 1723 523 1787 Plinio
546 1724 675 1788 traditur
688 1725 724 1810 ⁶).
749 1724 787 1787 In
810 1722 896 1789 libris
919 1722 956 1788 de
978 1731 1044 1789 arte
1067 1724 1127 1788 duo
1149 1728 1227 1790 facta

155 1854 331 1926 occurrunt,
365 1849 398 1912 in
433 1848 543 1934 quibus
576 1847 714 1913 Tiberius
748 1870 866 1912 summa
899 1847 988 1912 laude
1023 1847 1133 1932 dignus
1167 1855 1224 1914 est.

154 1972 280 2059 Lysippi
302 1979 450 2053 statuam,
479 1996 570 2058 quam
592 1973 624 2037 in
647 1971 823 2037 cubiculum
846 1971 1018 2050 transtulit,
1044 1972 1225 2038 clamoribus

154 2097 266 2162 theatri
298 2097 481 2182 flagitatum,
523 2096 650 2182 pristino
683 2082 765 2161 loco
784 2097 944 2162 collocavit
955 2097 981 2181 ⁷)
1013 2103 1045 2160 et
1067 2096 1224 2164 obsianam

154 2223 317 2308 imaginem
339 2222 470 2286 Menelai
491 2228 637 2307 repertam
660 2221 692 2285 in
715 2218 881 2286 hereditate
903 2223 980 2308 ejus,
1014 2223 1067 2307 qui
1091 2224 1228 2310 Aegypto

153 2349 331 2432 praefuerat,
344 2345 459 2409 remisit
467 2346 503 2431 ⁸).
518 2344 606 2409 Nihil
618 2346 656 2409 de
666 2345 813 2410 obscoena
825 2345 879 2409 illa
890 2345 1009 2430 tabula,
1022 2370 1112 2431 quam
1121 2347 1228 2412 Sueto-

154 2472 224 2537 nius
235 2478 447 2536 commemorat
459 2468 501 2557 9),
520 2469 681 2535 invenitur.
707 2470 863 2534 Praeterea
877 2470 914 2534 de
925 2492 1029 2535 mensa
1039 2471 1104 2557 ejus
1115 2473 1174 2557 ¹⁰),
1190 2473 1228 2536 de

153 2595 313 2673 laticibus,
336 2594 447 2679 quibus
468 2601 592 2681 pontem
614 2593 748 2659 restituit
760 2594 799 2680 11)
805 2643 815 2674 ,
839 2594 876 2659 de
889 2596 1055 2675 fructibus,
1079 2595 1134 2681 qui
1146 2597 1174 2661 ei
1192 2597 1225 2661 in

166 2864 371 2873 ...—---—---

192 3003 212 3064 ¹)
229 3002 293 3052 Plio.
310 3002 368 3052 Nat.
386 3003 448 3053 Hist.
465 3001 590 3051 XXXVIX
607 2999 641 3049 16
657 2999 713 3064 (60)
730 3001 800 3054 Patr.
822 3000 874 3050 Sat.
893 3000 937 3051 51.

189 3105 212 3169 ²)
340 3122 351 3152 »
472 3103 504 3157 XI
522 3103 555 3152 57
572 3103 627 3167 (54)
644 3102 714 3152 Suet.
732 3103 784 3152 Tib.
803 3103 847 3153 68.
871 3104 917 3153 Dio
935 3103 975 3167 57,
994 3105 1019 3155 3.

190 3208 213 3271 3)
343 3224 353 3254 a
473 3207 528 3257 XVI
546 3204 578 3254 39
596 3203 662 3268 (75).

188 3309 211 3371 ⁴)
339 3325 351 3354 a
470 3308 514 3358 XV
532 3306 564 3356 30
581 3306 644 3370 (40).
663 3305 732 3356 Suet.
749 3307 802 3357 Tib.
821 3307 861 3359 69.

201 3412 212 3473 )
341 3427 353 3457 o
472 3410 577 3460 XXVIII
595 3411 610 3459 2
628 3408 675 3475 (5).

201 3513 211 3567 )
340 3539 351 3565 n
471 3512 554 3562 Praei.
573 3512 617 3563 15.

189 3613 212 3678 τ)
331 3588 351 3661 'a
471 3614 690 3680 xxxivaua).

189 3715 211 3778 a)
340 3731 352 3762 a
470 3715 575 3766 XXXVI
591 3714 625 3765 16
642 3715 709 3780 (67).

67 3810 69 3814 ’
144 3795 145 3799 ¹
189 3818 211 3881 9)
228 3816 290 3866 Suet
313 3815 366 3866 Tib.
393 3816 438 3874 44;
456 3817 500 3870 alii
518 3818 564 3867 loci
581 3823 640 3867 sunt
658 3818 721 3868 Plin.
739 3819 801 3870 Nat.
824 3820 889 3871 illst.
911 3821 1002 3871 XXXV
1019 3822 1035 3871 4
1054 3822 1117 3888 (10),
1133 3824 1224 3875 XXXV

154 3916 183 3968 11
205 3918 268 3983 (40),
286 3918 378 3969 XXXV
395 3918 428 3968 10
445 3917 513 3984 (36).

194 4021 374 4086 1ο)Ρ11ιι.Ν((1
392 4021 458 4071 Hist.
480 4022 536 4072 XIII
554 4021 587 4072 15
605 4023 673 4087 (19).

191 4127 225 4190 11)
353 4141 365 4172 a
484 4126 538 4176 XVI
555 4125 589 4176 38
606 4126 668 4193 (74),
687 4127 745 4178 XVI
762 4127 796 4178 40
812 4129 881 4195 (76).
