2842 4920
672 373 734 435 127

165 593 354 673 congruunt,
388 608 463 671 quas
497 584 523 648 si
546 584 746 670 conspicimus
780 607 841 648 non
874 582 1056 648 arbitramur
1078 606 1133 646 nos
1157 584 1237 647 saeui

167 711 286 796 tyranni
309 710 431 775 vultum
454 709 575 774 intueri.

210 834 354 900 Gammae
375 856 495 918 quoque
517 840 693 919 supersunt,
716 831 880 917 inquibus
902 832 1050 917 imagines
1072 831 1186 896 Tiberii
1205 838 1236 897 et

166 967 362 1045 cognatorum
385 959 448 1045 ejus
461 957 487 1046 l)
511 981 664 1044 expressae
687 965 781 1036 sunt,
805 958 886 1023 inter
907 981 981 1043 quas
994 957 1178 1035 nobilissima
1190 965 1236 1021 est

166 1107 217 1163 aa,
241 1107 317 1168 quae
335 1082 490 1148 Tiberium
509 1104 611 1146 senem
633 1081 756 1146 exhibet
767 1084 800 1161 2).
826 1083 921 1147 Extat
931 1105 1052 1168 quoque
1062 1082 1233 1168 praeclaris

166 1209 241 1273 sima
262 1231 380 1293 gemma
392 1207 541 1287 Viennae,
559 1207 592 1270 in
615 1229 675 1291 qua
696 1207 871 1292 triumphus
889 1206 1002 1271 Tiberii
1024 1206 1061 1271 de
1077 1207 1233 1271 Pannonia

166 1332 252 1397 nobis
275 1339 344 1397 ante
366 1333 468 1397 oeulos
489 1332 612 1419 ponitur
621 1333 656 1410 ³).

210 1457 335 1543 Sejanus
364 1480 399 1521 eo
428 1456 612 1542 praefulget,
636 1455 717 1540 quod
740 1455 852 1540 effigies
874 1455 939 1541 ejus
962 1480 1022 1520 non
1046 1457 1173 1533 visitur,
1198 1465 1234 1522 ut

165 1583 322 1668 praeolaris
343 1582 404 1646 illis
419 1581 517 1647 verbis
528 1580 656 1645 Taciteis
668 1583 694 1666 ⁴)
719 1588 802 1659 utar;
826 1604 896 1645 nam
909 1581 1053 1662 ostendit,
1072 1589 1185 1667 quanta
1197 1583 1235 1647 ad

166 1730 258 1771 unam
277 1729 381 1771 omnes
400 1706 544 1791 imagines
563 1708 628 1793 ejus
641 1706 754 1772 deletae
766 1707 828 1771 siut
835 1756 845 1786 ,
865 1729 962 1791 quum
974 1706 1087 1792 ubique
1099 1707 1235 1772 locorum

168 1830 368 1916 reperirentur
392 1831 465 1895 olim
490 1837 520 1895 et
542 1831 747 1898 adorarentur.

209 1956 309 2020 Pauca
341 1955 549 2020 tantummodo
580 1955 713 2020 aedificia
736 1978 773 2020 ex
795 1956 909 2021 Tiberii
924 1937 1030 2022 ¹aetate
1052 1963 1232 2043 supersunt,

166 2091 263 2164 neque
282 2080 314 2144 id
326 2079 508 2159 mirandum,
519 2081 591 2164 quia
600 2080 737 2167 princeps
749 2103 839 2166 opera
850 2081 936 2144 nulla
948 2081 1105 2166 magnifica
1116 2082 1187 2146 feeit
1199 2084 1232 2161 ⁶).

167 2205 264 2268 Aedes
294 2203 417 2283 Tiberii,
441 2227 519 2289 quae
540 2211 643 2290 postea
666 2203 849 2269 bibliotheca
870 2205 975 2290 fuitss),
999 2212 1096 2270 castra
1117 2215 1235 2291 praeto

165 2326 316 2392 rianorum
341 2327 467 2391 oonsilio
490 2328 589 2413 Sejani
609 2329 730 2408 faota7),
750 2328 829 2394 basis
841 2330 1040 2409 monumenti,
1053 2330 1133 2414 quod
1145 2330 1235 2395 urbes

166 2450 256 2515 Asiae
285 2451 443 2515 restitutae
474 2451 609 2516 Puteolis
640 2453 672 2517 in
705 2452 818 2518 Tiberii
840 2454 985 2518 honorem
1008 2462 1185 2520 struxerunt
1195 2455 1233 2544 ⁸),

166 2597 252 2639 arcus
286 2577 455 2641 Arausione
488 2584 586 2642 erecta
615 2585 684 2663 post
713 2578 882 2643 tumultum
905 2578 1084 2659 Saeroviri⁹)
1107 2585 1138 2642 et
1159 2602 1234 2665 pons

165 2701 314 2766 Tunesiae
337 2704 460 2788 sactum)
486 2702 585 2767 adhue
607 2704 804 2789 reperiuntur.
830 2704 869 2768 In
890 2704 994 2790 primis
1013 2704 1135 2790 Capreis
1153 2727 1235 2767 eom-

168 2909 379 2921 ————-..

202 3005 222 3068 ¹)
239 3003 364 3063 Tiberius,
375 3006 462 3070 Duruy
472 3021 495 3069 p.
507 3004 564 3054 152.
575 3005 624 3054 294
633 3010 659 3054 et
668 3005 730 3067 30⁶2;
740 3006 819 3062 Livia,
830 3007 923 3071 Duruy
933 3023 956 3071 p.
966 3005 1026 3069 1483
1036 3007 1134 3056 Drusus
1143 3007 1234 3057 Tiberii

166 3106 238 3169 filius,
256 3108 345 3172 Durup
370 3123 397 3172 p.
426 3107 474 3157 287
501 3111 525 3156 et
552 3105 615 3168 3093
634 3107 818 3168 Germanicus,
844 3108 932 3172 Duruy
951 3125 977 3172 p.
1001 3107 1066 3168 303;
1085 3108 1236 3174 Agrippina,

166 3209 254 3275 Duruy
272 3226 294 3273 p.
313 3209 378 3273 3145
400 3211 517 3265 Antonia.
535 3209 625 3273 Duruy
635 3224 657 3272 p.
675 3207 734 3261 350.

199 3303 221 3359 ²)
238 3303 327 3368 Durup
345 3320 369 3368 p.
387 3302 447 3354 336.

200 3404 222 3467 ³)
239 3419 342 3469 gemma
360 3406 510 3471 Augustalis
528 3408 618 3473 Duruy
636 3425 664 3473 p.
688 3408 748 3458 127.
824 3462 826 3466 ,

198 3505 221 3569 ⁴>
237 3507 295 3556 rac.
312 3508 379 3560 ann.
395 3509 431 3559 111
448 3509 487 3560 aa.
705 3495 709 3500 ’

200 3608 221 3671 ⁵)
238 3608 300 3659 Suet
317 3610 373 3661 Tit.
396 3611 436 3660 47.

200 3711 222 3775 θ)
240 3712 328 3778 Duruy
345 3729 372 3777 p.
394 3712 457 3763 295.

201 3812 222 3876 τ)
238 3813 323 3866 staur.
340 3815 385 3865 rin
404 3817 506 3866 winter
522 3805 547 3865 in
564 3818 637 3868 nom.
654 3832 678 3881 p.
696 3805 754 3868 toa.

199 3917 221 3981 8)
238 3919 443 3969 Winckelmanu.
460 3920 551 3970 Geseh.
569 3922 614 3970 der
631 3921 721 3971 Kunst.
738 3920 774 3970 XI
790 3920 807 3970 ‘2
826 3919 868 3971 ta.

197 4021 209 4054 ⁹
238 4021 326 4087 Duruy
345 4038 368 4086 p.
387 4021 444 4072 325.

203 4124 236 4187 ¹⁰)
289 4142 300 4173 a
362 4143 386 4192 p.
404 4125 461 4176 301.
