2842 4920
697 405 735 467 61

224 614 277 680 ΙΙΙ
303 619 353 680 64.
380 614 521 690 „Sincera
544 613 643 681 adhue
665 617 744 681 inter
766 609 892 682 matrem
915 608 1073 703 filiumque
1092 618 1249 684 concordia

179 741 242 805 sive
265 741 390 805 occultis
414 741 523 805 odiis.''
547 741 682 805 Secunda
705 765 793 807 causa
816 765 885 806 cum
908 735 1041 806 veritate⁴
1054 736 1177 828 pugnat,

223 867 270 930 IV
281 872 308 934 8.
334 868 407 932 Post
431 875 557 932 mortem
581 869 672 933 Drusi
685 868 822 933 Tiberius
835 869 949 932 curiam
962 868 1131 953 ingreditur
1144 870 1248 945 anullo

179 1000 263 1056 metu
286 1016 324 1057 an
347 1000 383 1056 ut
405 993 621 1058 firmitudinem
643 993 735 1058 animi
760 994 958 1058 ostentaret.'’
970 985 1050 1058 Vera
1072 1016 1161 1059 causa
1183 1001 1247 1072 est,

179 1116 260 1200 quod
283 1115 421 1179 Tiberius
445 1110 675 1182 (retentationem
699 1117 811 1181 doloris
833 1140 896 1182 non
919 1107 1031 1183 amavit
1054 1117 1106 1204 1).

222 1241 269 1304 IV
283 1244 334 1306 38.
367 1241 505 1306 Tiberim
526 1249 644 1306 recusat
666 1241 724 1306 sibi
746 1241 893 1327 templum
917 1233 1050 1322 exstrui,
1076 1235 1178 1326 aquod
1194 1233 1256 1307 alii

179 1362 371 1442 modestiam,
395 1365 486 1430 multi
509 1366 581 1450 quia
604 1365 765 1446 diffideret,
789 1365 911 1450 quidam
934 1373 970 1430 ut
989 1366 1143 1450 degeneris
1152 1359 1248 1431 animi

177 1491 487 1577 interpretabantur.'’
505 1492 624 1556 Primae
635 1515 756 1572 causae,
780 1514 870 1576 quam
881 1492 994 1577 justam
1010 1493 1249 1577 esseunusquis-

177 1638 236 1700 que
259 1616 345 1680 facile
366 1616 525 1702 perspicit,
548 1616 601 1701 qui
619 1638 688 1680 eum
705 1616 833 1680 honores
845 1615 989 1701 sprevisse
1002 1622 1032 1679 et
1043 1615 1248 1680 adulationem

177 1741 273 1804 odisse
286 1742 311 1827 ²)
342 1741 445 1821 novit,
476 1740 614 1827 pluribus
644 1741 743 1806 verbis
773 1740 846 1805 alias
869 1739 1024 1826 adjungit,
1055 1731 1133 1825 quae
1153 1740 1249 1804 risum

177 1873 342 1946 moverent,
354 1866 412 1929 nisi
423 1867 524 1952 potius
535 1867 729 1931 irasceremur
740 1871 825 1930 tanta
835 1864 996 1950 iniquitate
1008 1865 1247 1949 etpervcrsitate.

177 1989 338 2054 Suetonius
361 2012 481 2075 qnoque
493 1991 591 2054 simile
613 1991 687 2075 quid
699 2014 734 2054 ex
748 1989 881 2077 epistolis
892 1987 1005 2053 Tiberii
1016 1988 1127 2052 hausit.
1149 1988 1247 2052 Infor-

176 2122 319 2178 tunatum
337 2115 425 2179 illum
437 2165 446 2195 ,
459 2116 545 2201 cujus
558 2116 675 2201 egregia
686 2115 776 2182 verba
787 2121 850 2178 tam
862 2136 998 2199 perverse
1008 2112 1164 2177 intellecta
1175 2103 1246 2177 sint.

221 2239 269 2303 VI
285 2243 337 2318 44.
362 2215 500 2305 Tiberim
511 2240 613 2305 literas
624 2239 783 2326 probrosas
795 2238 914 2303 recitari
925 2237 1025 2322 jussit,
1041 2242 1248 2323 '‘contemptor

178 2386 248 2428 suae
282 2364 440 2444 infamiae,
472 2388 511 2430 an
536 2365 680 2429 scelerum
703 2363 803 2449 Sejani
826 2363 879 2426 diu
902 2363 1018 2427 nescius
1041 2362 1173 2427 malebat
1195 2384 1247 2448 per

175 2487 284 2573 probra
306 2489 441 2554 veritatis
465 2488 572 2555 saltem
587 2512 698 2574 gnarus
709 2480 805 2552 fieri.’'
819 2478 899 2553 Vera
911 2479 999 2552 causa
1009 2489 1102 2552 fuisse
1114 2487 1246 2566 videtur,

177 2612 259 2697 quod
281 2613 654 2680 homines-contemneret.

195 2736 291 2802 ‘Jarn
325 2761 376 2804 eoo
410 2739 491 2803 locos
513 2739 665 2820 tractabo,
696 2736 749 2803 ubi
771 2738 892 2805 Tacitus
924 2734 1072 2824 judicium
1106 2737 1246 2822 iniquum

180 2863 253 2927 tulit
276 2864 324 2928 vel
357 2889 373 2929 a
404 2865 530 2930 veritate
550 2864 679 2930 deflexit.
703 2866 750 2930 De
772 2863 980 2949 compluribus
1002 2863 1078 2926 locis
1098 2863 1159 2948 jam
1184 2863 1246 2947 egit

179 2989 235 3052 Vir
267 2989 315 3056 01.
347 2990 477 3055 Karsten
507 2991 541 3055 in
570 3013 625 3055 sua
647 2990 850 3077 disputatione
874 2988 910 3054 de
930 2983 992 3052 'fida
1014 2988 1117 3052 Taciti.
1144 2987 1245 3053 Lucu·

45 3197 51 3206 ὲ
89 3150 92 3157 ⁴
176 3113 272 3177 lenter
295 3113 321 3177 is
341 3114 490 3194 ostendit,
513 3119 605 3202 quam
627 3114 750 3199 iniquus
772 3113 893 3178 Tacitus
916 3112 956 3177 sit
974 3113 1007 3176 in
1029 3112 1084 3192 iis,
1108 3134 1185 3196 quae
1207 3112 1244 3177 de

180 3236 359 3302 Germanico
394 3239 553 3306 memoriae
585 3239 724 3326 prodidit.
761 3239 894 3302 Maxime
922 3231 960 3301 ‘hi
992 3236 1245 3302 loci‘offendunt

180 3363 335 3429 lectorem:
716 3356 719 3361 ’

111 3544 114 3549 .
222 3490 239 3552 Ι
263 3494 313 3554 33.
341 3490 558 3566 ῃθθῃηᾶηοὶιιε
581 3489 688 3555 anxius
710 3489 836 3555 occultis
859 3489 935 3554 odiis
956 3487 1101 3554 Ttberii?

196 3655 198 3659 ν
220 3614 237 3677 Ι
262 3619 311 3681 52.
340 3615 498 3681 aTiberius
512 3611 1242 3702 bellicaquoqueGermanicigloriaangebatur.”

176 3824 389 3832 „m

206 3920 212 3950 ¹
247 3919 292 3967 Dio
310 3918 374 3970 LVII
392 3917 430 3974 14.
449 3919 485 3968 ct.
503 3919 543 3969 2‘2.

215 3920 226 3982 )

208 4022 230 4084 ²)
248 4020 283 4069 Cf.
301 4035 359 4084 pag.
376 4019 392 4069 9
408 4022 487 4083 locos,
505 4035 575 4084 quos·
585 4020 691 4070 laudavi.

210 4124 232 4186 ³)
249 4122 317 4173 Suet.
336 4124 390 4174 Tib.
406 4123 446 4174 67.
469 4155 475 4166 .
