2842 4920
670 378 710 438 65

197 588 214 652 I
238 592 254 653 7
260 592 287 653 5.
316 588 401 663 ,che
413 595 534 674 patrum
545 589 767 673 cognitionibus
779 589 934 655 satiatus.”
949 590 1090 676 Turpiter
1100 590 1221 655 Tacitus

151 712 305 777 Tiberium
324 720 457 793 accusat,
480 713 562 797 quod
583 737 645 777 non
668 713 791 778 bonum'
804 715 901 779 otium
924 715 1070 799 transigat
1092 714 1218 800 sedipse

152 837 280 921 negotiis
302 835 399 902 adsit.⁴
1301 811 1304 816 .

195 961 1223 1049 JJDumveritoticonsulitur,libertascorrumpebatur.’'JureDuruy

151 1087 185 1150 in·
206 1085 301 1167 libro,
326 1109 417 1170 quem
437 1084 670 1171 supralaudavt
694 1087 855 1152 exclamat:
882 1086 1223 1168 aQualislibertas,·dii

152 1210 349 1274 immortales!
362 1210 414 1274 illa
426 1209 559 1291 libertas,
570 1233 630 1294 qua
638 1210 961 1297 justitiaoorrumpitur
967 1211 1015 1276 vel
1021 1212 1135 1276 venalis
1145 1211 1221 1277 est.'’

151 1394 153 1398 ,
197 1333 291 1409 Jubet
312 1333 449 1398 Tiberius
472 1356 538 1413 eos,
562 1335 617 1418 qni
639 1334 795 1419 pecuniam
819 1343 943 1419 rogant,
967 1359 1087 1400 eausam
1099 1337 1217 1401 senatui

153 1457 297 1543 probare,
321 1459 402 1543 quod
426 1458 547 1524 Tacitus
571 1458 683 1544 injuria
705 1459 865 1544 vituperat.

154 1654 158 1661 .
199 1581 309 1646 nUnde
342 1583 432 1647 ceteri
467 1583 623 1647 silentium
646 1582 790 1648 beneficio
812 1587 1048 1669 praeposuere‚’'
1079 1587 1159 1670 quod
1185 1609 1223 1650 ex

151 1707 254 1772 Tacito
265 1708 330 1792 ipso
341 1710 491 1772 refutatur
499 1757 508 1787 ,
528 1708 646 1772 dicente
663 1709 706 1772 M.
720 1707 882 1773 Hortalum
896 1712 1052 1795 pecuniam
1064 1733 1183 1796 rogasse
1198 1713 1221 1791 1)

152 1838 183 1895 et
205 1832 360 1897 Tiberium
382 1833 541 1898 honestam
563 1833 769 1909 innocentium
793 1841 999 1919 paupertatem
1017 1835 1131 1900 levasse
1144 1836 1181 1922 2).

197 1959 214 2023 Ι
250 1964 300 2026 76.
337 1959 441 2039 Quum
470 1958 585 2023 Tiberis
608 1959 697 2044 plana
719 1959 802 2024 urbis
826 1967 963 2044 stagnet,
999 1959 1134 2024 Tiberius
1159 1984 1221 2025 non

151 2083 243 2148 libros
278 2083 441 2169 Sibyllinos
474 2083 537 2148 adit
570 2083 620 2147 sed
655 2083 834 2167 quibusdam
859 2083 997 2164 mandat,
1031 2094 1066 2148 ut
1088 2086 1153 2170 ejus
1176 2085 1219 2149 rei

153 2230 256 2271 curam
277 2207 438 2291 haberent,
464 2208 544 2291 quod
566 2207 689 2272 Tacitus
712 2208 759 2271 bis
783 2207 882 2272 verbis
894 2207 1054 2294 exprobat:
1078 2209 1221 2295 ,sperinde

154 2332 287 2397 humana
309 2331 472 2416 divinaque
495 2330 671 2416 obtegens.‘’
804 2310 807 2316 ¹

198 2456 215 2520 I
240 2460 291 2521 81.
315 2456 452 2521 Tiberius
475 2456 613 2531 eonsules
635 2479 688 2542 per
710 2456 831 2521 comitia
854 2457 993 2522 creandos
1006 2464 1109 2538 curat3
1133 2458 1220 2522 Taci-

152 2588 203 2645 tus
234 2581 333 2646 addit:
368 2581 493 2656 pinaria
515 2588 569 2646 aut
590 2580 749 2647 subdola.”
781 2580 888 2647 Inania
909 2585 1042 2667 prolecto
1067 2589 1166 2661 erant,
1190 2590 1221 2647 at

153 2729 214 2771 non
237 2715 299 2784 est,
323 2728 376 2769 our
398 2682 581 2771 ea'subdola
602 2706 795 2790 appellemus

198 2831 233 2895 ΙΙ
257 2833 308 2895 30.
333 2829 416 2895 Novi
434 2830 511 2913 juris
531 2835 663 2914 repertor
676 2828 813 2893 Tiberius
824 2829 953 2908 dieitur,
970 2830 1040 2915 quia
1053 2831 1217 2916 mancipari

154 2955 289 3039 singulos
323 2977 422 3019 servos
452 2955 545 3019 actori
576 2953 697 3039 publico
726 2953 816 3033 dicit,
851 2953 931 3038 quod
963 2961 1065 3019 tamen
1095 2955 1161 3040 jam
1182 2954 1223 3019 ab

155 3080 294 3164 Augusto
318 3082 430 3143 factum
453 3101 516 3142 esse
537 3084 654 3142 constat
674 3079 707 3155 ⁸).

199 3205 235 3270 ΙΙ
260 3209 311 3272 36.
335 3203 473 3268 Tiberius
496 3202 639 3287 negotiu
662 3167 902 3286 quinquennium
929 3201 1158 3286 magistratuum
1172 3225 1219 3266 eo·
1329 3250 1331 3254 -

156 3329 240 3395 mitia
262 3329 417 3409 habenda,
446 3329 479 3392 in
501 3349 561 3412 quo
584 3328 648 3391 sine
671 3349 759 3390 causa
781 3326 901 3391 Tacitus
926 3327 963 3390 de
986 3328 1119 3392 oratione
1139 3329 1221 3393 favo·

155 3455 243 3520 rabili
274 3455 307 3518 in
340 3453 469 3540 speeiem
498 3453 645 3537 loquitur,
682 3475 776 3537 quum
806 3452 1014 3536 unusquisque
1036 3450 1134 3516 verbis
1158 3452 1221 3536 ejus

156 3579 344 3643 assentiatur.

170 3769 373 3778 -—...---.

191 3889 211 3953 11)
233 3889 295 3939 Tae.
319 3888 387 3939 Anu„
410 3885 495 3937 1137.

187 3992 207 4054 ²)
229 3992 291 4042 Tae.
317 3991 383 4041 Ann.
401 3991 425 4040 ll
443 3989 486 4040 48.

188 4093 211 4158 ³)
230 4093 275 4142 Dio
295 4094 336 4143 LV
354 4092 377 4142 5.
