2842 4920
685 383 748 444 104

172 596 250 682 pisse
283 619 314 659 se
347 597 455 680 tradit,
491 595 571 681 apud
603 594 732 659 Dionem
763 617 883 679 quoque
914 595 1045 659 occurrit
1057 593 1092 682 1).
1123 594 1245 659 Addam
1305 646 1308 651 ⁴

174 720 320 785 nonnulla
350 744 386 784 ex
416 722 479 785 vite
500 720 622 801 Tiberii,
644 722 677 786 in
700 722 809 806 quibus
833 722 892 787 Dio
912 746 982 788 cum
1005 723 1150 787 Suetonio
1174 746 1246 787 con·

173 847 264 930 gruit.
290 846 446 925 scurram,
469 845 523 929 qui
546 853 665 910 mortuo
690 847 858 926 manderet,
882 855 917 912 ut
940 848 1078 932 Augusto
1092 847 1249 912 nuntiaret

175 971 309 1035 nondum
342 970 427 1035 reddi
448 971 565 1054 legate,
598 993 675 1055 quae
696 971 794 1057 plebei
828 972 1014 1056 reliquisset,
1049 971 1186 1036 Tiberius
1209 971 1247 1035 ed

175 1096 356 1182 supplicium
390 1098 461 1160 duci
494 1097 652 1182 imperavit
687 1106 717 1162 et
752 1099 829 1183 petri
863 1121 917 1162 suo
952 1120 1056 1162 verum
1090 1100 1198 1162 referre
1211 1092 1256 1182 ²).‘

134 1214 136 1218 ¹
174 1221 299 1286 Dictum
313 1221 426 1285 Tiberii
438 1229 518 1286 erut:
545 1222 622 1286 nllst
633 1221 705 1287 boni
716 1225 842 1308 pastoris
856 1223 990 1302 tondere,
1009 1245 1070 1285 non
1082 1221 1246 1306 deglubere

175 1345 315 1435 oves⁸)”.
340 1345 478 1410 Tiberius
501 1345 592 1410 verbo
615 1345 762 1410 emblema
784 1370 846 1409 non
867 1346 1025 1422 utebatur,
1059 1345 1130 1429 quie
1152 1344 1246 1408 Grae·

176 1493 245 1534 cum
268 1470 378 1559 erate).
405 1470 463 1535 Sed
485 1470 558 1556 quid
582 1471 677 1534 multa
700 1473 732 1535 in
756 1494 788 1535 re
811 1494 873 1535 non
896 1471 1013 1536 dubia?

219 1594 380 1658 Difficilius
403 1603 447 1658 est
471 1601 601 1658 statuere
624 1595 791 1679 quidquem
818 1596 855 1658 de
877 1594 980 1659 Tacito
1004 1617 1022 1658 a
1043 1593 1141 1658 Dione
1163 1593 1247 1657 adhi-

175 1719 248 1784 bito.
286 1717 377 1810 Dabo
419 1719 487 1782 illos
521 1718 620 1798 locos,
663 1719 716 1802 qui
750 1742 798 1783 me
834 1719 963 1782 menime
1004 1718 1174 1797 adducunt,
1212 1727 1249 1782 ut

175 1843 292 1907 credam
325 1842 455 1906 Dionem
488 1838 592 1907 Tacito
623 1866 712 1907 usum
744 1866 808 1908 esse
831 1843 877 1908 vel
903 1842 1042 1908 Tacitum
1064 1850 1094 1906 et
1117 1842 1247 1907 Dionem

176 1989 213 2030 ex
234 1966 340 2029 iisdem
364 1965 498 2030 tontibus
521 1967 664 2031 hausisse.

221 2089 283 2154 Dio
322 2089 415 2154 LVII
450 2093 478 2154 l.
515 2091 666 2156 simulatio
702 2091 832 2170 Tiberii,
867 2091 904 2155 de
937 2113 996 2178 qua
1018 2113 1104 2176 saepe
1126 2090 1248 2169 Tacitus

178 2214 263 2298 agn,
289 2239 317 2281 v.
342 2238 366 2279 ο.
392 2216 473 2280 nnn.
499 2217 517 2280 1
542 2219 594 2294 u,
618 2215 665 2280 ru
691 2220 746 2294 ⁷14
771 2216 817 2281 vr
841 2217 892 2281 51.
1097 2192 1101 2197 ’

224 2340 317 2403 LVH
345 2345 373 2403 2.
399 2341 435 2403 de
463 2341 570 2404 Asinio
594 2340 695 2404 Gallo:
724 2342 810 2404 υὲλοῡ
834 2337 865 2414 ἣν
889 2338 925 2404 dv
950 2340 1087 2421 ἐθελήσῃς
1110 2340 1247 2422 μοῖρεν”,

176 2465 245 2528 Tac.
280 2465 361 2528 Anu.
386 2465 404 2528 I
436 2468 494 2527 lu:
533 2466 720 2549 '‘interrogo,
756 2489 847 2550 quem
881 2472 995 2550 portem
1030 2464 1073 2529 rei
1106 2463 1246 2550 publicae

176 2588 309 2651 mandari
344 2588 401 2652 tibi
435 2589 544 2665 velis'',
582 2628 623 2638 —
658 2596 739 2657 ηπῶς
769 2586 822 2655 οἷόν
852 2589 886 2654 τέ
911 2591 990 2657 ἐστιν
1013 2591 1061 2656 τὸν
1084 2589 1172 2654 αὑτὸν
1195 2587 1248 2653 ccl

177 2709 276 2787 νέμειν
298 2735 333 2774 τε
356 2710 408 2774 uui
431 2713 574 2791 αἱρεῖσθαι
586 2713 618 2790 ;”
642 2712 709 2776 Tac.
738 2737 820 2787 ,snou
842 2713 982 2778 decorum
1006 2720 1051 2777 est
1073 2713 1171 2797 legere
1193 2712 1246 2776 ali·

177 2833 271 2917 quid’⁷
292 2873 336 2880 —
362 2833 475 2908 κκσυνεὶς
499 2831 544 2900 οὖν
567 2838 579 2901 o‘
603 2835 719 2909 Γάλλος
743 2838 772 2900 ἐν
795 2831 815 2918 ᾧ
838 2840 929 2901 κακοῦ
953 2836 1103 2915 ἐγεγόνει,
1127 2837 1167 2917 τῷ
1191 2836 1247 2913 μὲν

180 2955 257 3036 λόγῳ
282 2957 476 3038 ἐθεράπευσεν
499 2961 597 3039 αὐτὸν,
621 2960 791 3038 ὑπολαβών,
816 2958 860 3025 ὅτι
884 2961 942 3040 οὐχ
965 2962 1001 3033 ὡς
1024 2958 1076 3024 uui
1098 2960 1131 3024 τὸ
1152 2958 1247 3040 τρίτον

178 3078 291 3156 ἕξεντός
313 3107 381 3156 σου,
404 3085 476 3147 ἀλλ’
501 3086 537 3157 ὡς
560 3084 704 3148 etlumen
726 3085 754 3149 ὃν
770 3086 821 3160 τὴν
833 3086 930 3167 ἀρχὴν
942 3086 1136 3165 διαιρεθῆναι,
1161 3087 1247 3151 τοῦτο’

178 3229 222 3270 σοι
245 3207 432 3287 προέτεινε”,
455 3209 523 3273 Tac.
540 3232 679 3284 „rursum
691 3210 799 3274 Gallus
813 3210 938 3295 (etenim
950 3210 1039 3275 vultu
1051 3209 1246 3274 offensionem

177 3332 404 3417 conjectaverot)
440 3354 502 3396 non
535 3332 644 3397 idcireo
678 3333 897 3418 interrogatum
930 3333 989 3411 nit,
1024 3341 1060 3398 nt
1082 3332 1243 3411 divideret,

177 3478 253 3540 quae
283 3456 411 3540 seperari
445 3455 622 3540 nequirent,
659 3457 710 3520 sed
734 3464 765 3521 et
784 3480 838 3522 sua
860 3456 1046 3522 confessione
1068 3463 1244 3542 argueretur

215 3785 236 3849 ε)
253 3785 300 3834 uio
318 3785 393 3836 mnu
411 3784 456 3848 m,
474 3784 518 3836 m.

212 3886 668 3951 mmmmmfflm.

213 3990 236 4053 ³)
273 4006 284 4037 »
357 4007 368 4039 »
405 3990 445 4040 32.
463 3991 508 4040 mo
526 3991 590 4041 nvn
608 3990 647 4039 m.

214 4092 236 4155 ε)
272 4107 285 4141 »
356 4109 368 4142 »
405 4091 445 4142 u.
462 4093 509 4142 mo
526 4092 590 4144 nvn
607 4092 647 4143 15.
