2842 4920
704 377 744 440 98

225 590 297 676 Cap.
325 594 375 655 62.
403 589 480 653 nPer
496 593 577 653 totos
600 589 661 653 dies
673 587 894 673 cognitionibus
906 588 1025 654 deditus
1037 587 1121 654 erat”
1130 615 1140 668 3
1164 587 1245 672 quod

178 739 252 780 num
277 739 383 780 verum
392 765 402 795 ,
419 715 460 780 sit
485 713 591 779 dubito
603 715 675 799 quia
693 713 814 779 Tacitus
825 714 881 779 hac
892 715 929 779 dc
940 737 972 779 re
983 721 1071 779 tacet.
1082 712 1246 778 Suetonius

175 841 303 907 libenter
325 842 424 906 omnia
447 842 479 905 in
502 843 598 927 majus
620 847 720 926 auget.

221 966 292 1053 Cap.
318 971 368 1033 63.
394 966 483 1054 Quod
507 987 603 1029 unum
626 971 656 1028 et
678 965 807 1029 alterum
830 964 1018 1028 consularem
1040 985 1101 1027 non
1119 961 1245 1040 dimisit,

177 1091 224 1155 vel
258 1090 358 1154 studio
388 1090 451 1175 ejus
483 1087 677 1152 tribuendum
701 1109 806 1152 conseo
828 1086 1049 1172 provinciarum
1080 1085 1246 1150 commodis

176 1182 368 1293 consulendi,
402 1213 450 1279 vel
484 1212 696 1290 haesitationi,
731 1235 790 1296 qua
824 1211 940 1297 saepius
962 1210 1116 1276 laborabat
1129 1211 1153 1289 1)
1160 1260 1170 1290 ,
1195 1210 1244 1276 vel

175 1339 304 1425 denique
326 1339 432 1414 moris,
455 1361 529 1422 quaas
551 1337 776 1423 proconsulares
800 1336 857 1421 ipsi
881 1342 1034 1399 necterent
1062 1338 1082 1419 l.

219 1463 290 1548 Cap.
317 1467 366 1526 cl.
394 1461 535 1536 ,sNurum
558 1468 589 1525 et
611 1469 733 1546 nepotes
754 1461 860 1525 lectica
871 1466 965 1523 tectos
978 1458 1105 1524 morit.”
1134 1460 1174 1524 In
1187 1459 1245 1525 hoc

174 1587 311 1652 'liberius
344 1610 405 1650 non
438 1587 657 1672 vituperatione
691 1586 800 1671 dignus
835 1593 897 1667 est,
928 1584 951 1649 si
990 1585 1087 1650 noluit
1121 1560 1172 1650 eos
1207 1585 1245 1650 ab

176 1711 315 1775 omnibus
337 1711 436 1796 aspici.

219 1836 291 1921 Gap.
329 1839 379 1901 67.
416 1834 477 1898 Ubi
511 1834 673 1898 Suetonius
708 1833 894 1899 notissimam
927 1833 1084 1919 epistolam
1116 1834 1244 1920 Tiberii,

175 1982 264 2043 qutun
295 1960 333 2024 ad
355 1966 492 2024 senatum
516 1958 616 2038 misit,
649 1961 755 2038 referi,
790 1959 863 2024 dicit
885 1957 1041 2023 Tiberium
1065 1983 1130 2024 cam
1154 1959 1244 2046 scrip

175 2085 248 2147 sisse
282 2091 376 2148 semet
409 2084 508 2169 ipsum
539 2089 711 2169 pertaesum
717 2111 726 2163 3
762 2083 842 2168 quod
865 2090 896 2147 et
920 2083 1057 2148 odiosum
1078 2091 1123 2148 est
1148 2106 1246 2170 neque

178 2211 327 2292 veru1n4).

219 2331 324 2397 Cetera
364 2332 543 2398 documento
572 2346 663 2413 sunt,
698 2335 848 2419 quomodo
878 2335 986 2399 veritas
1021 2341 1240 2420 corrumpatur.

175 2455 306 2520 Pulchra
340 2455 429 2521 verba
459 2457 587 2539 hiberii,
623 2458 733 2543 quibus
763 2457 994 2543 appellationem
1017 2460 1109 2545 patris
1132 2460 1245 2545 patriae

174 2580 320 2644 recusavit
343 2588 374 2645 et
396 2580 530 2658 obstitit,
554 2605 592 2645 ne
614 2583 648 2647 in
670 2589 736 2646 acta
755 2605 809 2645 sua
822 2583 986 2668 juraretur,
1004 2582 1186 2648 adhibentur
1207 2584 1245 2648 ed

173 2703 439 2768 demonstrandum
466 2704 619 2769 Tiberium
649 2729 703 2769 sua
727 2707 858 2771 facinora
880 2707 1061 2792 praesciisse.
1096 2707 1244 2773 Miserum

173 2828 342 2909 hominem,
365 2831 449 2915 cujus
473 2852 569 2894 mores
590 2837 655 2895 tam
676 2854 765 2917 pravo
782 2831 928 2897 intellecti
948 2832 1019 2898 sint.
1034 2834 1057 2911 5)

218 2952 381 3018 Suetonius
393 2955 430 3018 dc
442 2955 561 3020 Tiberio
574 2979 694 3041 quoque
705 2956 811 3042 agitio
825 2957 893 3022 vitis
905 2957 1057 3042 Augusti,
1070 2958 1244 3044 Caligulae,

173 3077 308 3157 Claudii,
333 3079 482 3158 Neronis,
508 3081 638 3162 Galbae,
663 3081 813 3160 Othonia,
836 3081 954 3146 Vitellii
967 3083 1183 3148 etDomitiani.
1208 3085 1245 3149 In

173 3201 283 3285 quibus
308 3203 381 3267 hacc
404 3204 666 3269 animadvertendo
690 3212 770 3270 sunt.

180 3499 398 3509 ῃ-

209 3673 228 3737 1)
246 3674 316 3724 Flav.
339 3674 388 3725 Jcs.
408 3676 465 3725 Ant.
483 3676 538 3726 Jud.
556 3675 597 3741 18,
615 3675 639 3744 6,
656 3676 684 3728 5.

205 3777 225 3837 ²)
245 3777 303 3827 'Fac
321 3779 386 3828 Ann.
404 3780 435 3829 Vl
453 3777 493 3829 33.

204 3881 226 3944 ³)
244 3881 284 3932 Cs.
307 3882 347 3932 ad.
364 3882 426 3932 Tac.
449 3882 518 3933 Ann.
541 3883 613 3934 180.

210 3983 232 4047 ¹¹)
251 3984 291 4033 Cs.
314 3985 345 4033 ud
365 3984 422 4034 Tac.
442 3985 511 4035 Ano.
534 3987 564 4036 Vl
584 3986 624 4036 lu.

212 4085 234 4150 ⁵)
252 4086 287 4136 cf.
306 4087 365 4137 Tac.
384 4086 449 4136 Ann.
468 4089 499 4139 IV
518 4087 551 4138 38
